%YAML 1.1
%TAG !u! tag:unity3d.com,2011:
--- !u!1001 &100100000
Prefab:
  m_ObjectHideFlags: 1
  serializedVersion: 2
  m_Modification:
    m_TransformParent: {fileID: 0}
    m_Modifications: []
    m_RemovedComponents: []
  m_SourcePrefab: {fileID: 0}
  m_RootGameObject: {fileID: 1931128799081376}
  m_IsPrefabAsset: 1
--- !u!1 &1260460192656322
GameObject:
  m_ObjectHideFlags: 0
  m_CorrespondingSourceObject: {fileID: 0}
  m_PrefabInternal: {fileID: 100100000}
  serializedVersion: 6
  m_Component:
  - component: {fileID: 4657074068025398}
  - component: {fileID: 33350840593821946}
  - component: {fileID: 23824432978013944}
  - component: {fileID: 193142494072712376}
  m_Layer: 0
  m_Name: DouglasFir_Low_LOD1
  m_TagString: Untagged
  m_Icon: {fileID: 0}
  m_NavMeshLayer: 0
  m_StaticEditorFlags: 0
  m_IsActive: 1
--- !u!1 &1410028895735140
GameObject:
  m_ObjectHideFlags: 0
  m_CorrespondingSourceObject: {fileID: 0}
  m_PrefabInternal: {fileID: 100100000}
  serializedVersion: 6
  m_Component:
  - component: {fileID: 4488945645383804}
  - component: {fileID: 227345538694386352}
  - component: {fileID: 193327175598027078}
  m_Layer: 0
  m_Name: DouglasFir_Low_Billboard
  m_TagString: Untagged
  m_Icon: {fileID: 0}
  m_NavMeshLayer: 0
  m_StaticEditorFlags: 0
  m_IsActive: 1
--- !u!1 &1492408819031376
GameObject:
  m_ObjectHideFlags: 0
  m_CorrespondingSourceObject: {fileID: 0}
  m_PrefabInternal: {fileID: 100100000}
  serializedVersion: 6
  m_Component:
  - component: {fileID: 4164429984104868}
  - component: {fileID: 212338097517470656}
  m_Layer: 0
  m_Name: name
  m_TagString: Untagged
  m_Icon: {fileID: 0}
  m_NavMeshLayer: 0
  m_StaticEditorFlags: 0
  m_IsActive: 1
--- !u!1 &1507560998934478
GameObject:
  m_ObjectHideFlags: 0
  m_CorrespondingSourceObject: {fileID: 0}
  m_PrefabInternal: {fileID: 100100000}
  serializedVersion: 6
  m_Component:
  - component: {fileID: 4679590186648446}
  - component: {fileID: 33836702296669246}
  - component: {fileID: 23543654871788366}
  - component: {fileID: 193757118336779306}
  m_Layer: 0
  m_Name: DouglasFir_Low_LOD0
  m_TagString: Untagged
  m_Icon: {fileID: 0}
  m_NavMeshLayer: 0
  m_StaticEditorFlags: 0
  m_IsActive: 1
--- !u!1 &1850866040538870
GameObject:
  m_ObjectHideFlags: 0
  m_CorrespondingSourceObject: {fileID: 0}
  m_PrefabInternal: {fileID: 100100000}
  serializedVersion: 6
  m_Component:
  - component: {fileID: 4157420271177056}
  - component: {fileID: 33779693555461398}
  - component: {fileID: 23142217825257798}
  - component: {fileID: 193341131517643860}
  m_Layer: 0
  m_Name: DouglasFir_Low_LOD2
  m_TagString: Untagged
  m_Icon: {fileID: 0}
  m_NavMeshLayer: 0
  m_StaticEditorFlags: 0
  m_IsActive: 1
--- !u!1 &1931128799081376
GameObject:
  m_ObjectHideFlags: 0
  m_CorrespondingSourceObject: {fileID: 0}
  m_PrefabInternal: {fileID: 100100000}
  serializedVersion: 6
  m_Component:
  - component: {fileID: 4005429430618994}
  - component: {fileID: 205896802554884508}
  - component: {fileID: 54186733122158934}
  - component: {fileID: 136436743034496934}
  m_Layer: 0
  m_Name: DouglasFir_Low
  m_TagString: Tree
  m_Icon: {fileID: 0}
  m_NavMeshLayer: 0
  m_StaticEditorFlags: 0
  m_IsActive: 1
--- !u!4 &4005429430618994
Transform:
  m_ObjectHideFlags: 1
  m_CorrespondingSourceObject: {fileID: 0}
  m_PrefabInternal: {fileID: 100100000}
  m_GameObject: {fileID: 1931128799081376}
  m_LocalRotation: {x: 0, y: 0, z: 0, w: 1}
  m_LocalPosition: {x: -2.893, y: 0, z: 0}
  m_LocalScale: {x: 0.08, y: 0.08, z: 0.08}
  m_Children:
  - {fileID: 4488945645383804}
  - {fileID: 4679590186648446}
  - {fileID: 4657074068025398}
  - {fileID: 4157420271177056}
  - {fileID: 4164429984104868}
  m_Father: {fileID: 0}
  m_RootOrder: 0
  m_LocalEulerAnglesHint: {x: 0, y: 0, z: 0}
--- !u!4 &4157420271177056
Transform:
  m_ObjectHideFlags: 1
  m_CorrespondingSourceObject: {fileID: 0}
  m_PrefabInternal: {fileID: 100100000}
  m_GameObject: {fileID: 1850866040538870}
  m_LocalRotation: {x: -0, y: -0, z: -0, w: 1}
  m_LocalPosition: {x: 0, y: 0, z: 0}
  m_LocalScale: {x: 1, y: 1, z: 1}
  m_Children: []
  m_Father: {fileID: 4005429430618994}
  m_RootOrder: 3
  m_LocalEulerAnglesHint: {x: 0, y: 0, z: 0}
--- !u!4 &4164429984104868
Transform:
  m_ObjectHideFlags: 1
  m_CorrespondingSourceObject: {fileID: 0}
  m_PrefabInternal: {fileID: 100100000}
  m_GameObject: {fileID: 1492408819031376}
  m_LocalRotation: {x: -0, y: -0, z: -0, w: 1}
  m_LocalPosition: {x: 0, y: -3.17, z: 0}
  m_LocalScale: {x: 2.8571432, y: 2.8571432, z: 2.8571432}
  m_Children: []
  m_Father: {fileID: 4005429430618994}
  m_RootOrder: 4
  m_LocalEulerAnglesHint: {x: 0, y: 0, z: 0}
--- !u!4 &4488945645383804
Transform:
  m_ObjectHideFlags: 1
  m_CorrespondingSourceObject: {fileID: 0}
  m_PrefabInternal: {fileID: 100100000}
  m_GameObject: {fileID: 1410028895735140}
  m_LocalRotation: {x: -0, y: -0, z: -0, w: 1}
  m_LocalPosition: {x: 0, y: 0, z: 0}
  m_LocalScale: {x: 1, y: 1, z: 1}
  m_Children: []
  m_Father: {fileID: 4005429430618994}
  m_RootOrder: 0
  m_LocalEulerAnglesHint: {x: 0, y: 0, z: 0}
--- !u!4 &4657074068025398
Transform:
  m_ObjectHideFlags: 1
  m_CorrespondingSourceObject: {fileID: 0}
  m_PrefabInternal: {fileID: 100100000}
  m_GameObject: {fileID: 1260460192656322}
  m_LocalRotation: {x: -0, y: -0, z: -0, w: 1}
  m_LocalPosition: {x: 0, y: 0, z: 0}
  m_LocalScale: {x: 1, y: 1, z: 1}
  m_Children: []
  m_Father: {fileID: 4005429430618994}
  m_RootOrder: 2
  m_LocalEulerAnglesHint: {x: 0, y: 0, z: 0}
--- !u!4 &4679590186648446
Transform:
  m_ObjectHideFlags: 1
  m_CorrespondingSourceObject: {fileID: 0}
  m_PrefabInternal: {fileID: 100100000}
  m_GameObject: {fileID: 1507560998934478}
  m_LocalRotation: {x: -0, y: -0, z: -0, w: 1}
  m_LocalPosition: {x: 0, y: 0, z: 0}
  m_LocalScale: {x: 1, y: 1, z: 1}
  m_Children: []
  m_Father: {fileID: 4005429430618994}
  m_RootOrder: 1
  m_LocalEulerAnglesHint: {x: 0, y: 0, z: 0}
--- !u!23 &23142217825257798
MeshRenderer:
  m_ObjectHideFlags: 1
  m_CorrespondingSourceObject: {fileID: 0}
  m_PrefabInternal: {fileID: 100100000}
  m_GameObject: {fileID: 1850866040538870}
  m_Enabled: 1
  m_CastShadows: 1
  m_ReceiveShadows: 1
  m_DynamicOccludee: 1
  m_MotionVectors: 1
  m_LightProbeUsage: 1
  m_ReflectionProbeUsage: 1
  m_RenderingLayerMask: 4294967295
  m_Materials:
  - {fileID: 2100000, guid: 9414c2d23d07e7b4ea57cf30bcceed72, type: 2}
  - {fileID: 2100000, guid: a24102bd16f7f2d4dbbd79316daa8f0f, type: 2}
  - {fileID: 2100000, guid: e1ad194b00441b840a6ffb3aaf4c8b1a, type: 2}
  m_StaticBatchInfo:
    firstSubMesh: 0
    subMeshCount: 0
  m_StaticBatchRoot: {fileID: 0}
  m_ProbeAnchor: {fileID: 0}
  m_LightProbeVolumeOverride: {fileID: 0}
  m_ScaleInLightmap: 1
  m_PreserveUVs: 0
  m_IgnoreNormalsForChartDetection: 0
  m_ImportantGI: 0
  m_StitchLightmapSeams: 0
  m_SelectedEditorRenderState: 3
  m_MinimumChartSize: 4
  m_AutoUVMaxDistance: 0.5
  m_AutoUVMaxAngle: 89
  m_LightmapParameters: {fileID: 0}
  m_SortingLayerID: 0
  m_SortingLayer: 0
  m_SortingOrder: 0
--- !u!23 &23543654871788366
MeshRenderer:
  m_ObjectHideFlags: 1
  m_CorrespondingSourceObject: {fileID: 0}
  m_PrefabInternal: {fileID: 100100000}
  m_GameObject: {fileID: 1507560998934478}
  m_Enabled: 1
  m_CastShadows: 1
  m_ReceiveShadows: 1
  m_DynamicOccludee: 1
  m_MotionVectors: 1
  m_LightProbeUsage: 1
  m_ReflectionProbeUsage: 1
  m_RenderingLayerMask: 4294967295
  m_Materials:
  - {fileID: 2100000, guid: b0495a3e543bb724189d5fb71f7eb91a, type: 2}
  - {fileID: 2100000, guid: 9c052cfb859de0047a04e0c25279c354, type: 2}
  - {fileID: 2100000, guid: 8d961b50a01cac54fa61d180bede1ff3, type: 2}
  m_StaticBatchInfo:
    firstSubMesh: 0
    subMeshCount: 0
  m_StaticBatchRoot: {fileID: 0}
  m_ProbeAnchor: {fileID: 0}
  m_LightProbeVolumeOverride: {fileID: 0}
  m_ScaleInLightmap: 1
  m_PreserveUVs: 0
  m_IgnoreNormalsForChartDetection: 0
  m_ImportantGI: 0
  m_StitchLightmapSeams: 0
  m_SelectedEditorRenderState: 3
  m_MinimumChartSize: 4
  m_AutoUVMaxDistance: 0.5
  m_AutoUVMaxAngle: 89
  m_LightmapParameters: {fileID: 0}
  m_SortingLayerID: 0
  m_SortingLayer: 0
  m_SortingOrder: 0
--- !u!23 &23824432978013944
MeshRenderer:
  m_ObjectHideFlags: 1
  m_CorrespondingSourceObject: {fileID: 0}
  m_PrefabInternal: {fileID: 100100000}
  m_GameObject: {fileID: 1260460192656322}
  m_Enabled: 1
  m_CastShadows: 1
  m_ReceiveShadows: 1
  m_DynamicOccludee: 1
  m_MotionVectors: 1
  m_LightProbeUsage: 1
  m_ReflectionProbeUsage: 1
  m_RenderingLayerMask: 4294967295
  m_Materials:
  - {fileID: 2100000, guid: 49b4fb400382c1644a7dab3b36f164ff, type: 2}
  - {fileID: 2100000, guid: 0b72e1e27b27390428d49c085bcafe25, type: 2}
  - {fileID: 2100000, guid: 1749adf458fbc0048bf3fcb53be9f381, type: 2}
  m_StaticBatchInfo:
    firstSubMesh: 0
    subMeshCount: 0
  m_StaticBatchRoot: {fileID: 0}
  m_ProbeAnchor: {fileID: 0}
  m_LightProbeVolumeOverride: {fileID: 0}
  m_ScaleInLightmap: 1
  m_PreserveUVs: 0
  m_IgnoreNormalsForChartDetection: 0
  m_ImportantGI: 0
  m_StitchLightmapSeams: 0
  m_SelectedEditorRenderState: 3
  m_MinimumChartSize: 4
  m_AutoUVMaxDistance: 0.5
  m_AutoUVMaxAngle: 89
  m_LightmapParameters: {fileID: 0}
  m_SortingLayerID: 0
  m_SortingLayer: 0
  m_SortingOrder: 0
--- !u!33 &33350840593821946
MeshFilter:
  m_ObjectHideFlags: 1
  m_CorrespondingSourceObject: {fileID: 0}
  m_PrefabInternal: {fileID: 100100000}
  m_GameObject: {fileID: 1260460192656322}
  m_Mesh: {fileID: 4300002, guid: d0663eff21b7104438ed3fa7e7fd5d3a, type: 3}
--- !u!33 &33779693555461398
MeshFilter:
  m_ObjectHideFlags: 1
  m_CorrespondingSourceObject: {fileID: 0}
  m_PrefabInternal: {fileID: 100100000}
  m_GameObject: {fileID: 1850866040538870}
  m_Mesh: {fileID: 4300004, guid: d0663eff21b7104438ed3fa7e7fd5d3a, type: 3}
--- !u!33 &33836702296669246
MeshFilter:
  m_ObjectHideFlags: 1
  m_CorrespondingSourceObject: {fileID: 0}
  m_PrefabInternal: {fileID: 100100000}
  m_GameObject: {fileID: 1507560998934478}
  m_Mesh: {fileID: 4300000, guid: d0663eff21b7104438ed3fa7e7fd5d3a, type: 3}
--- !u!54 &54186733122158934
Rigidbody:
  m_ObjectHideFlags: 1
  m_CorrespondingSourceObject: {fileID: 0}
  m_PrefabInternal: {fileID: 100100000}
  m_GameObject: {fileID: 1931128799081376}
  serializedVersion: 2
  m_Mass: 1
  m_Drag: 0
  m_AngularDrag: 0.05
  m_UseGravity: 0
  m_IsKinematic: 1
  m_Interpolate: 0
  m_Constraints: 0
  m_CollisionDetection: 0
--- !u!136 &136436743034496934
CapsuleCollider:
  m_ObjectHideFlags: 1
  m_CorrespondingSourceObject: {fileID: 0}
  m_PrefabInternal: {fileID: 100100000}
  m_GameObject: {fileID: 1931128799081376}
  m_Material: {fileID: 0}
  m_IsTrigger: 1
  m_Enabled: 1
  m_Radius: 3.23
  m_Height: 19.98
  m_Direction: 1
  m_Center: {x: 0, y: 9.57, z: 0}
--- !u!193 &193142494072712376
Tree:
  m_ObjectHideFlags: 1
  m_CorrespondingSourceObject: {fileID: 0}
  m_PrefabInternal: {fileID: 100100000}
  m_GameObject: {fileID: 1260460192656322}
  m_SpeedTreeWindAsset: {fileID: 22800000, guid: d0663eff21b7104438ed3fa7e7fd5d3a,
    type: 3}
  m_TreeData: {fileID: 0}
--- !u!193 &193327175598027078
Tree:
  m_ObjectHideFlags: 1
  m_CorrespondingSourceObject: {fileID: 0}
  m_PrefabInternal: {fileID: 100100000}
  m_GameObject: {fileID: 1410028895735140}
  m_SpeedTreeWindAsset: {fileID: 22800000, guid: d0663eff21b7104438ed3fa7e7fd5d3a,
    type: 3}
  m_TreeData: {fileID: 0}
--- !u!193 &193341131517643860
Tree:
  m_ObjectHideFlags: 1
  m_CorrespondingSourceObject: {fileID: 0}
  m_PrefabInternal: {fileID: 100100000}
  m_GameObject: {fileID: 1850866040538870}
  m_SpeedTreeWindAsset: {fileID: 22800000, guid: d0663eff21b7104438ed3fa7e7fd5d3a,
    type: 3}
  m_TreeData: {fileID: 0}
--- !u!193 &193757118336779306
Tree:
  m_ObjectHideFlags: 1
  m_CorrespondingSourceObject: {fileID: 0}
  m_PrefabInternal: {fileID: 100100000}
  m_GameObject: {fileID: 1507560998934478}
  m_SpeedTreeWindAsset: {fileID: 22800000, guid: d0663eff21b7104438ed3fa7e7fd5d3a,
    type: 3}
  m_TreeData: {fileID: 0}
--- !u!205 &205896802554884508
LODGroup:
  m_ObjectHideFlags: 1
  m_CorrespondingSourceObject: {fileID: 0}
  m_PrefabInternal: {fileID: 100100000}
  m_GameObject: {fileID: 1931128799081376}
  serializedVersion: 2
  m_LocalReferencePoint: {x: 0, y: 10.00157, z: 0}
  m_Size: 21.004223
  m_FadeMode: 2
  m_AnimateCrossFading: 1
  m_LODs:
  - screenRelativeHeight: 0.6473387
    fadeTransitionWidth: 0
    renderers:
    - renderer: {fileID: 23543654871788366}
  - screenRelativeHeight: 0.25
    fadeTransitionWidth: 0
    renderers:
    - renderer: {fileID: 23824432978013944}
  - screenRelativeHeight: 0.125
    fadeTransitionWidth: 0
    renderers:
    - renderer: {fileID: 23142217825257798}
  - screenRelativeHeight: 0.01
    fadeTransitionWidth: 0
    renderers:
    - renderer: {fileID: 227345538694386352}
  m_Enabled: 1
--- !u!212 &212338097517470656
SpriteRenderer:
  m_ObjectHideFlags: 1
  m_CorrespondingSourceObject: {fileID: 0}
  m_PrefabInternal: {fileID: 100100000}
  m_GameObject: {fileID: 1492408819031376}
  m_Enabled: 1
  m_CastShadows: 0
  m_ReceiveShadows: 0
  m_DynamicOccludee: 1
  m_MotionVectors: 1
  m_LightProbeUsage: 1
  m_ReflectionProbeUsage: 1
  m_RenderingLayerMask: 4294967295
  m_Materials:
  - {fileID: 10754, guid: 0000000000000000f000000000000000, type: 0}
  m_StaticBatchInfo:
    firstSubMesh: 0
    subMeshCount: 0
  m_StaticBatchRoot: {fileID: 0}
  m_ProbeAnchor: {fileID: 0}
  m_LightProbeVolumeOverride: {fileID: 0}
  m_ScaleInLightmap: 1
  m_PreserveUVs: 0
  m_IgnoreNormalsForChartDetection: 0
  m_ImportantGI: 0
  m_StitchLightmapSeams: 0
  m_SelectedEditorRenderState: 0
  m_MinimumChartSize: 4
  m_AutoUVMaxDistance: 0.5
  m_AutoUVMaxAngle: 89
  m_LightmapParameters: {fileID: 0}
  m_SortingLayerID: 0
  m_SortingLayer: 0
  m_SortingOrder: 0
  m_Sprite: {fileID: 21300000, guid: 55825f49f78a81b488aef5df80423e17, type: 3}
  m_Color: {r: 1, g: 1, b: 1, a: 1}
  m_FlipX: 0
  m_FlipY: 0
  m_DrawMode: 0
  m_Size: {x: 3.06, y: 1.37}
  m_AdaptiveModeThreshold: 0.5
  m_SpriteTileMode: 0
  m_WasSpriteAssigned: 1
  m_MaskInteraction: 0
  m_SpriteSortPoint: 0
--- !u!227 &227345538694386352
BillboardRenderer:
  m_ObjectHideFlags: 1
  m_CorrespondingSourceObject: {fileID: 0}
  m_PrefabInternal: {fileID: 100100000}
  m_GameObject: {fileID: 1410028895735140}
  m_Enabled: 1
  m_CastShadows: 1
  m_ReceiveShadows: 1
  m_DynamicOccludee: 1
  m_MotionVectors: 1
  m_LightProbeUsage: 0
  m_ReflectionProbeUsage: 0
  m_RenderingLayerMask: 4294967295
  m_Materials:
  - {fileID: 0}
  m_StaticBatchInfo:
    firstSubMesh: 0
    subMeshCount: 0
  m_StaticBatchRoot: {fileID: 0}
  m_ProbeAnchor: {fileID: 0}
  m_LightProbeVolumeOverride: {fileID: 0}
  m_ScaleInLightmap: 1
  m_PreserveUVs: 0
  m_IgnoreNormalsForChartDetection: 0
  m_ImportantGI: 0
  m_StitchLightmapSeams: 0
  m_SelectedEditorRenderState: 3
  m_MinimumChartSize: 4
  m_AutoUVMaxDistance: 0.5
  m_AutoUVMaxAngle: 89
  m_LightmapParameters: {fileID: 0}
  m_SortingLayerID: 0
  m_SortingLayer: 0
  m_SortingOrder: 0
  m_Billboard: {fileID: 22600000, guid: d0663eff21b7104438ed3fa7e7fd5d3a, type: 3}
