%YAML 1.1
%TAG !u! tag:unity3d.com,2011:
--- !u!1001 &100100000
Prefab:
  m_ObjectHideFlags: 1
  serializedVersion: 2
  m_Modification:
    m_TransformParent: {fileID: 0}
    m_Modifications: []
    m_RemovedComponents: []
  m_SourcePrefab: {fileID: 0}
  m_RootGameObject: {fileID: 1266415443572334}
  m_IsPrefabAsset: 1
--- !u!1 &1266415443572334
GameObject:
  m_ObjectHideFlags: 0
  m_CorrespondingSourceObject: {fileID: 0}
  m_PrefabInternal: {fileID: 100100000}
  serializedVersion: 6
  m_Component:
  - component: {fileID: 4468717189289862}
  - component: {fileID: 33473021297481438}
  - component: {fileID: 114694769133373284}
  - component: {fileID: 23965154845634180}
  - component: {fileID: 114790022315099516}
  m_Layer: 0
  m_Name: RamSpline (1)
  m_TagString: Untagged
  m_Icon: {fileID: 0}
  m_NavMeshLayer: 0
  m_StaticEditorFlags: 0
  m_IsActive: 1
--- !u!4 &4468717189289862
Transform:
  m_ObjectHideFlags: 1
  m_CorrespondingSourceObject: {fileID: 0}
  m_PrefabInternal: {fileID: 100100000}
  m_GameObject: {fileID: 1266415443572334}
  m_LocalRotation: {x: -0, y: -0, z: -0, w: 1}
  m_LocalPosition: {x: 185.6, y: 127.1, z: 942.59}
  m_LocalScale: {x: 1, y: 1, z: 1}
  m_Children: []
  m_Father: {fileID: 0}
  m_RootOrder: 0
  m_LocalEulerAnglesHint: {x: 0, y: 0, z: 0}
--- !u!23 &23965154845634180
MeshRenderer:
  m_ObjectHideFlags: 1
  m_CorrespondingSourceObject: {fileID: 0}
  m_PrefabInternal: {fileID: 100100000}
  m_GameObject: {fileID: 1266415443572334}
  m_Enabled: 1
  m_CastShadows: 0
  m_ReceiveShadows: 0
  m_DynamicOccludee: 1
  m_MotionVectors: 1
  m_LightProbeUsage: 1
  m_ReflectionProbeUsage: 1
  m_RenderingLayerMask: 4294967295
  m_Materials:
  - {fileID: 2100000, guid: c16506cf5dcf1254693154bc3d17efb3, type: 2}
  m_StaticBatchInfo:
    firstSubMesh: 0
    subMeshCount: 0
  m_StaticBatchRoot: {fileID: 0}
  m_ProbeAnchor: {fileID: 0}
  m_LightProbeVolumeOverride: {fileID: 0}
  m_ScaleInLightmap: 1
  m_PreserveUVs: 0
  m_IgnoreNormalsForChartDetection: 0
  m_ImportantGI: 0
  m_StitchLightmapSeams: 0
  m_SelectedEditorRenderState: 3
  m_MinimumChartSize: 4
  m_AutoUVMaxDistance: 0.5
  m_AutoUVMaxAngle: 89
  m_LightmapParameters: {fileID: 0}
  m_SortingLayerID: 0
  m_SortingLayer: 0
  m_SortingOrder: 0
--- !u!33 &33473021297481438
MeshFilter:
  m_ObjectHideFlags: 1
  m_CorrespondingSourceObject: {fileID: 0}
  m_PrefabInternal: {fileID: 100100000}
  m_GameObject: {fileID: 1266415443572334}
  m_Mesh: {fileID: 0}
--- !u!114 &114694769133373284
MonoBehaviour:
  m_ObjectHideFlags: 1
  m_CorrespondingSourceObject: {fileID: 0}
  m_PrefabInternal: {fileID: 100100000}
  m_GameObject: {fileID: 1266415443572334}
  m_Enabled: 1
  m_EditorHideFlags: 0
  m_Script: {fileID: 11500000, guid: 90aab69abd991e340b392a094924e817, type: 3}
  m_Name: 
  m_EditorClassIdentifier: 
  currentProfile: {fileID: 0}
  oldProfile: {fileID: 0}
  beginnigChildSplines: []
  endingChildSplines: []
  beginningSpline: {fileID: 0}
  endingSpline: {fileID: 0}
  beginningConnectionID: 0
  endingConnectionID: 0
  beginningMinWidth: 0
  beginningMaxWidth: 1
  endingMinWidth: 0
  endingMaxWidth: 1
  toolbarInt: 1
  invertUVDirection: 0
  uvRotation: 0
  meshfilter: {fileID: 33473021297481438}
  controlPoints:
  - {x: 58.48291, y: 9.877326, z: 69.286545, w: 72}
  - {x: 37.919098, y: -20.459356, z: 15.515665, w: 14.23}
  - {x: 48.928925, y: -46.077385, z: -16.698212, w: 7.2}
  - {x: 28.912659, y: -61.576653, z: -52.58699, w: 4.65}
  - {x: 42.14383, y: -70.43234, z: -76.384964, w: 1.79}
  - {x: 49.101105, y: -79.51412, z: -95.15226, w: 1}
  controlPointsRotations:
  - {x: -0.00000058929817, y: 0.00000013521954, z: 0.19529681, w: 0.9807442}
  - {x: -0.00000012630016, y: 0.000000018526155, z: 0.092332415, w: 0.99572825}
  - {x: 0.000000014295348, y: 0.000000004676561, z: 0.10838948, w: 0.9941085}
  - {x: 0.000000021712141, y: 6.1279426e-11, z: 0.09833262, w: 0.9951536}
  - {x: 0.048060976, y: -0.0013235443, z: -0.023168482, w: -0.9985748}
  - {x: 0, y: 0, z: 0, w: 1}
  controlPointsOrientation:
  - {x: 0.14365807, y: 0.94473326, z: -0.26601425, w: -0.12679854}
  - {x: 0.072828695, y: 0.9549703, z: -0.28638133, w: -0.026710164}
  - {x: 0.08684717, y: 0.9580065, z: -0.2711387, w: -0.034133315}
  - {x: 0.085585624, y: 0.9762555, z: -0.19562998, w: -0.036460113}
  - {x: -0.051756915, y: -0.965967, z: 0.12506223, w: -0.22042783}
  - {x: -0.03732277, y: -0.96204805, z: 0.20805226, w: -0.17258307}
  controlPointsUp:
  - {x: 25.126423, y: 22.077637, z: 75.159996}
  - {x: 30.889727, y: -19.36082, z: 15.581843}
  - {x: 45.391617, y: -45.41171, z: -16.632315}
  - {x: 26.627901, y: -61.15496, z: -52.499332}
  - {x: 41.3406, y: -70.3922, z: -76.77769}
  - {x: 48.632282, y: -79.51413, z: -95.326065}
  controlPointsDown:
  - {x: 91.8394, y: -2.3229856, z: 63.413094}
  - {x: 44.94847, y: -21.557892, z: 15.449487}
  - {x: 52.466232, y: -46.74306, z: -16.764109}
  - {x: 31.197416, y: -61.998344, z: -52.67465}
  - {x: 42.94706, y: -70.47249, z: -75.99224}
  - {x: 49.569927, y: -79.51413, z: -94.97847}
  controlPointsSnap:
  - 0
  - 0
  - 0
  - 0
  - 0
  - 0
  meshCurve:
    serializedVersion: 2
    m_Curve:
    - serializedVersion: 3
      time: 0
      value: 0
      inSlope: 0
      outSlope: 0
      tangentMode: 0
      weightedMode: 0
      inWeight: 0.33333334
      outWeight: 0.33333334
    - serializedVersion: 3
      time: 1
      value: 0
      inSlope: 0
      outSlope: 0
      tangentMode: 0
      weightedMode: 0
      inWeight: 0.33333334
      outWeight: 0.33333334
    m_PreInfinity: 2
    m_PostInfinity: 2
    m_RotationOrder: 4
  controlPointsMeshCurves:
  - serializedVersion: 2
    m_Curve:
    - serializedVersion: 3
      time: 0
      value: 0
      inSlope: 0
      outSlope: 0
      tangentMode: 0
      weightedMode: 0
      inWeight: 0.33333334
      outWeight: 0.33333334
    - serializedVersion: 3
      time: 1
      value: 0
      inSlope: 0
      outSlope: 0
      tangentMode: 0
      weightedMode: 0
      inWeight: 0.33333334
      outWeight: 0.33333334
    m_PreInfinity: 2
    m_PostInfinity: 2
    m_RotationOrder: 4
  - serializedVersion: 2
    m_Curve:
    - serializedVersion: 3
      time: 0
      value: 0
      inSlope: 0
      outSlope: 0
      tangentMode: 0
      weightedMode: 0
      inWeight: 0.33333334
      outWeight: 0.33333334
    - serializedVersion: 3
      time: 1
      value: 0
      inSlope: 0
      outSlope: 0
      tangentMode: 0
      weightedMode: 0
      inWeight: 0.33333334
      outWeight: 0.33333334
    m_PreInfinity: 2
    m_PostInfinity: 2
    m_RotationOrder: 4
  - serializedVersion: 2
    m_Curve:
    - serializedVersion: 3
      time: 0
      value: 0
      inSlope: 0
      outSlope: 0
      tangentMode: 0
      weightedMode: 0
      inWeight: 0.33333334
      outWeight: 0.33333334
    - serializedVersion: 3
      time: 1
      value: 0
      inSlope: 0
      outSlope: 0
      tangentMode: 0
      weightedMode: 0
      inWeight: 0.33333334
      outWeight: 0.33333334
    m_PreInfinity: 2
    m_PostInfinity: 2
    m_RotationOrder: 4
  - serializedVersion: 2
    m_Curve:
    - serializedVersion: 3
      time: 0
      value: 0
      inSlope: 0
      outSlope: 0
      tangentMode: 0
      weightedMode: 0
      inWeight: 0.33333334
      outWeight: 0.33333334
    - serializedVersion: 3
      time: 1
      value: 0
      inSlope: 0
      outSlope: 0
      tangentMode: 0
      weightedMode: 0
      inWeight: 0.33333334
      outWeight: 0.33333334
    m_PreInfinity: 2
    m_PostInfinity: 2
    m_RotationOrder: 4
  - serializedVersion: 2
    m_Curve:
    - serializedVersion: 3
      time: 0
      value: 0
      inSlope: 0
      outSlope: 0
      tangentMode: 0
      weightedMode: 0
      inWeight: 0.33333334
      outWeight: 0.33333334
    - serializedVersion: 3
      time: 1
      value: 0
      inSlope: 0
      outSlope: 0
      tangentMode: 0
      weightedMode: 0
      inWeight: 0.33333334
      outWeight: 0.33333334
    m_PreInfinity: 2
    m_PostInfinity: 2
    m_RotationOrder: 4
  - serializedVersion: 2
    m_Curve:
    - serializedVersion: 3
      time: 0
      value: 0
      inSlope: 0
      outSlope: 0
      tangentMode: 0
      weightedMode: 0
      inWeight: 0.33333334
      outWeight: 0.33333334
    - serializedVersion: 3
      time: 1
      value: 0
      inSlope: 0
      outSlope: 0
      tangentMode: 0
      weightedMode: 0
      inWeight: 0.33333334
      outWeight: 0.33333334
    m_PreInfinity: 2
    m_PostInfinity: 2
    m_RotationOrder: 4
  terrainCurve:
    serializedVersion: 2
    m_Curve:
    - serializedVersion: 3
      time: 0
      value: 0
      inSlope: 0
      outSlope: 0
      tangentMode: 0
      weightedMode: 0
      inWeight: 0.33333334
      outWeight: 0.33333334
    - serializedVersion: 3
      time: 1
      value: 0
      inSlope: 0
      outSlope: 0
      tangentMode: 0
      weightedMode: 0
      inWeight: 0.33333334
      outWeight: 0.33333334
    m_PreInfinity: 2
    m_PostInfinity: 2
    m_RotationOrder: 4
  detailTerrain: 100
  detailTerrainForward: 100
  normalFromRaycast: 0
  snapToTerrain: 0
  snapMask:
    serializedVersion: 2
    m_Bits: 1
  points:
  - {x: 58.48291, y: 9.877326, z: 69.286545}
  - {x: 54.047844, y: 4.3156104, z: 59.119347}
  - {x: 47.51289, y: -3.6898885, z: 44.41447}
  - {x: 41.32199, y: -12.49595, z: 28.702906}
  - {x: 37.919098, y: -20.459358, z: 15.515652}
  - {x: 39.178707, y: -27.432802, z: 6.0325994}
  - {x: 43.38979, y: -34.195713, z: -1.7089043}
  - {x: 47.61798, y: -40.49495, z: -8.891594}
  - {x: 48.928925, y: -46.07739, z: -16.69821}
  - {x: 45.32714, y: -50.819386, z: -25.695395}
  - {x: 38.78196, y: -54.87466, z: -35.1686}
  - {x: 32.30619, y: -58.406116, z: -44.378796}
  - {x: 28.912659, y: -61.57665, z: -52.58699}
  - {x: 30.029787, y: -64.25241, z: -59.504528}
  - {x: 33.8424, y: -66.40559, z: -65.556076}
  - {x: 38.497932, y: -68.35822, z: -71.07257}
  - {x: 42.14383, y: -70.43234, z: -76.384964}
  - {x: 44.487343, y: -72.89975, z: -81.87037}
  - {x: 46.449417, y: -75.52671, z: -87.25599}
  - {x: 47.998016, y: -77.87694, z: -91.89792}
  - {x: 49.101105, y: -79.51413, z: -95.15227}
  pointsUp:
  - {x: 25.126423, y: 22.077637, z: 75.159996}
  - {x: 25.957207, y: 14.271018, z: 63.813206}
  - {x: 27.101707, y: 2.9865887, z: 47.3843}
  - {x: 28.699394, y: -9.111932, z: 29.948711}
  - {x: 30.88973, y: -19.360823, z: 15.581829}
  - {x: 34.680428, y: -27.197065, z: 5.6898866}
  - {x: 39.673607, y: -33.992218, z: -2.0071824}
  - {x: 43.900322, y: -39.98439, z: -8.96328}
  - {x: 45.39161, y: -45.41171, z: -16.632317}
  - {x: 42.255074, y: -50.224762, z: -25.613836}
  - {x: 35.996582, y: -54.33419, z: -35.061813}
  - {x: 29.744682, y: -57.918182, z: -44.26179}
  - {x: 26.6279, y: -61.154953, z: -52.49933}
  - {x: 28.126196, y: -63.924423, z: -59.518044}
  - {x: 32.35579, y: -66.187416, z: -65.72092}
  - {x: 37.399612, y: -68.24348, z: -71.3826}
  - {x: 41.3406, y: -70.39219, z: -76.77769}
  - {x: 43.85621, y: -72.894585, z: -82.252396}
  - {x: 45.905983, y: -75.53049, z: -87.569275}
  - {x: 47.495983, y: -77.87773, z: -92.12745}
  - {x: 48.63228, y: -79.51412, z: -95.326065}
  pointsDown:
  - {x: 91.8394, y: -2.3229856, z: 63.413094}
  - {x: 82.13848, y: -5.639798, z: 54.42549}
  - {x: 67.92407, y: -10.366365, z: 41.44464}
  - {x: 53.94459, y: -15.879971, z: 27.457119}
  - {x: 44.948456, y: -21.557894, z: 15.449493}
  - {x: 43.676987, y: -27.66854, z: 6.3753123}
  - {x: 47.10597, y: -34.399204, z: -1.4106274}
  - {x: 51.33564, y: -41.005505, z: -8.819908}
  - {x: 52.466232, y: -46.74306, z: -16.764109}
  - {x: 48.39921, y: -51.414013, z: -25.776949}
  - {x: 41.56733, y: -55.415142, z: -35.275383}
  - {x: 34.86769, y: -58.89406, z: -44.49581}
  - {x: 31.19741, y: -61.998352, z: -52.674656}
  - {x: 31.933374, y: -64.580376, z: -59.491005}
  - {x: 35.329006, y: -66.623764, z: -65.39121}
  - {x: 39.596252, y: -68.47298, z: -70.76254}
  - {x: 42.947052, y: -70.47248, z: -75.99224}
  - {x: 45.118477, y: -72.904915, z: -81.488335}
  - {x: 46.992847, y: -75.52294, z: -86.9427}
  - {x: 48.500046, y: -77.87617, z: -91.668396}
  - {x: 49.56994, y: -79.51414, z: -94.978455}
  points2: []
  verticesBeginning:
  - {x: 91.8394, y: -2.3229856, z: 63.413094}
  - {x: 58.48291, y: 9.877325, z: 69.286545}
  - {x: 25.126423, y: 22.077637, z: 75.159996}
  verticesEnding:
  - {x: 49.56994, y: -79.51414, z: -94.978455}
  - {x: 49.10111, y: -79.51413, z: -95.15226}
  - {x: 48.63228, y: -79.51412, z: -95.326065}
  normalsBeginning:
  - {x: 0.20397666, y: 0.81719756, z: -0.53905624}
  - {x: 0.20397666, y: 0.81719756, z: -0.53905624}
  - {x: 0.20397666, y: 0.81719756, z: -0.53905624}
  normalsEnding:
  - {x: 0.1436252, y: 0.91064256, z: -0.38742998}
  - {x: 0.1436252, y: 0.91064256, z: -0.38742998}
  - {x: 0.1436252, y: 0.91064256, z: -0.38742998}
  widths:
  - 72
  - 57.5575
  - 43.114998
  - 28.6725
  - 14.23
  - 12.4725
  - 10.715
  - 8.9574995
  - 7.2
  - 6.5625
  - 5.925
  - 5.2875
  - 4.65
  - 3.935
  - 3.22
  - 2.505
  - 1.79
  - 1.5925
  - 1.395
  - 1.1975
  - 1
  snaps:
  - 0
  - 0
  - 0
  - 0
  - 0
  - 0
  - 0
  - 0
  - 0
  - 0
  - 0
  - 0
  - 0
  - 0
  - 0
  - 0
  - 0
  - 0
  - 0
  - 0
  - 0
  lerpValues:
  - 0
  - 0.25
  - 0.5
  - 0.75
  - 1
  - 1.25
  - 1.5
  - 1.75
  - 2
  - 2.25
  - 2.5
  - 2.75
  - 3
  - 3.25
  - 3.5
  - 3.75
  - 4
  - 4.25
  - 4.5
  - 4.75
  - 5
  orientations:
  - {x: 0.14365807, y: 0.94473326, z: -0.26601425, w: -0.12679854}
  - {x: 0.1143464, y: 0.94625986, z: -0.2538036, w: -0.16462408}
  - {x: 0.091125436, y: 0.9496945, z: -0.25277638, w: -0.16087447}
  - {x: 0.07235596, y: 0.953838, z: -0.26046464, w: -0.13082823}
  - {x: 0.07282871, y: 0.9549703, z: -0.28638127, w: -0.026710147}
  - {x: 0.14789996, y: 0.92121285, z: -0.2978553, w: 0.20192808}
  - {x: 0.18122922, y: 0.8951692, z: -0.27740842, w: 0.29811534}
  - {x: 0.16233025, y: 0.91604066, z: -0.28654182, w: 0.22893742}
  - {x: 0.086847164, y: 0.9580065, z: -0.27113882, w: -0.034133308}
  - {x: 0.050166465, y: 0.9466387, z: -0.2094185, w: -0.23979679}
  - {x: 0.048933342, y: 0.9382266, z: -0.17757061, w: -0.29292494}
  - {x: 0.054012675, y: 0.9500348, z: -0.17499012, w: -0.2527746}
  - {x: 0.08558563, y: 0.9762555, z: -0.19562988, w: -0.036460117}
  - {x: 0.10721189, y: 0.9626502, z: -0.13050061, w: 0.21161251}
  - {x: 0.09283653, y: 0.9345134, z: -0.08301623, w: 0.33342838}
  - {x: 0.073469274, y: 0.9331717, z: -0.080442235, w: 0.342523}
  - {x: 0.05175677, y: 0.9659672, z: -0.12506159, w: 0.22042768}
  - {x: -0.04839096, y: -0.9677913, z: 0.16440545, w: -0.18441562}
  - {x: -0.043529283, y: -0.96689737, z: 0.19101085, w: -0.16349174}
  - {x: -0.03909566, y: -0.9648803, z: 0.20823456, w: -0.15529327}
  - {x: -0.03732277, y: -0.96204805, z: 0.20805226, w: -0.17258307}
  tangents:
  - {x: -0.31601155, y: -0.46619478, z: -0.82631665}
  - {x: -0.36959705, y: -0.44268075, z: -0.816965}
  - {x: -0.3516318, y: -0.45080185, z: -0.8204467}
  - {x: -0.28727, y: -0.4779501, z: -0.8300841}
  - {x: -0.092728324, y: -0.5430809, z: -0.83454454}
  - {x: 0.28393182, y: -0.60850656, z: -0.7410145}
  - {x: 0.4331783, y: -0.6047094, z: -0.6683436}
  - {x: 0.3264031, y: -0.5992948, z: -0.7309629}
  - {x: -0.1124951, y: -0.51357657, z: -0.85063744}
  - {x: -0.47501335, y: -0.37242776, z: -0.7972828}
  - {x: -0.56703824, y: -0.30453533, z: -0.76532733}
  - {x: -0.49919274, y: -0.3051873, z: -0.81096697}
  - {x: -0.104675, y: -0.37572852, z: -0.9207993}
  - {x: 0.37535205, y: -0.3194841, z: -0.8700808}
  - {x: 0.5993298, y: -0.26375735, z: -0.75580144}
  - {x: 0.6157631, y: -0.27059504, z: -0.74000955}
  - {x: 0.40048808, y: -0.35583314, z: -0.84438866}
  - {x: 0.3320424, y: -0.40308884, z: -0.85279965}
  - {x: 0.29391178, y: -0.42756394, z: -0.85487133}
  - {x: 0.28070757, y: -0.43574777, z: -0.8551766}
  - {x: 0.3165362, y: -0.41319504, z: -0.85385877}
  normalsList:
  - {x: -0.16652639, y: 0.8846821, z: -0.4354383}
  - {x: -0.18246602, y: 0.8966793, z: -0.40332666}
  - {x: -0.17758456, y: 0.8926241, z: -0.41435012}
  - {x: -0.15631008, y: 0.878387, z: -0.45166743}
  - {x: -0.059973992, y: 0.8396803, z: -0.5397592}
  - {x: 0.21772368, y: 0.7935488, z: -0.56822234}
  - {x: 0.32889473, y: 0.79644626, z: -0.5074462}
  - {x: 0.24435323, y: 0.80052847, z: -0.54721636}
  - {x: -0.067333214, y: 0.8580438, z: -0.5091435}
  - {x: -0.19062121, y: 0.9280612, z: -0.31994686}
  - {x: -0.18129447, y: 0.952501, z: -0.2446918}
  - {x: -0.15997952, y: 0.9522924, z: -0.25989583}
  - {x: -0.042438883, y: 0.9267298, z: -0.37332407}
  - {x: 0.12655139, y: 0.94759166, z: -0.29335108}
  - {x: 0.16388081, y: 0.96458906, z: -0.20666644}
  - {x: 0.17307946, y: 0.9626933, z: -0.20800282}
  - {x: 0.15248728, y: 0.9345495, z: -0.32150403}
  - {x: 0.14625034, y: 0.9151609, z: -0.37562144}
  - {x: 0.13901342, y: 0.9039851, z: -0.40433422}
  - {x: 0.13589817, y: 0.9000688, z: -0.41401428}
  - {x: 0.14362516, y: 0.91064256, z: -0.38742992}
  colors:
  - {r: 0, g: 0, b: 0, a: 1}
  - {r: 0, g: 0, b: 0, a: 1}
  - {r: 0, g: 0, b: 0, a: 1}
  - {r: 0, g: 0, b: 0, a: 1}
  - {r: 0, g: 0, b: 0, a: 1}
  - {r: 0, g: 0, b: 0, a: 1}
  - {r: 0, g: 0, b: 0, a: 1}
  - {r: 0, g: 0, b: 0, a: 1}
  - {r: 0, g: 0, b: 0, a: 1}
  - {r: 0, g: 0, b: 0, a: 1}
  - {r: 0, g: 0, b: 0, a: 1}
  - {r: 0, g: 0, b: 0, a: 1}
  - {r: 0, g: 0, b: 0, a: 1}
  - {r: 0, g: 0, b: 0, a: 1}
  - {r: 0, g: 0, b: 0, a: 1}
  - {r: 0, g: 0, b: 0, a: 1}
  - {r: 0, g: 0, b: 0, a: 1}
  - {r: 0, g: 0, b: 0, a: 1}
  - {r: 0, g: 0, b: 0, a: 1}
  - {r: 0, g: 0, b: 0, a: 1}
  - {r: 0, g: 0, b: 0, a: 1}
  - {r: 0, g: 0, b: 0, a: 1}
  - {r: 0, g: 0, b: 0, a: 1}
  - {r: 0, g: 0, b: 0, a: 1}
  - {r: 0, g: 0, b: 0, a: 1}
  - {r: 0, g: 0, b: 0, a: 1}
  - {r: 0, g: 0, b: 0, a: 1}
  - {r: 0, g: 0, b: 0, a: 1}
  - {r: 0, g: 0, b: 0, a: 1}
  - {r: 0, g: 0, b: 0, a: 1}
  - {r: 0, g: 0, b: 0, a: 1}
  - {r: 0, g: 0, b: 0, a: 1}
  - {r: 0, g: 0, b: 0, a: 1}
  - {r: 0, g: 0, b: 0, a: 1}
  - {r: 0, g: 0, b: 0, a: 1}
  - {r: 0, g: 0, b: 0, a: 1}
  - {r: 0, g: 0, b: 0, a: 1}
  - {r: 0, g: 0, b: 0, a: 1}
  - {r: 0, g: 0, b: 0, a: 1}
  - {r: 0, g: 0, b: 0, a: 1}
  - {r: 0, g: 0, b: 0, a: 1}
  - {r: 0, g: 0, b: 0, a: 1}
  - {r: 0, g: 0, b: 0, a: 1}
  - {r: 0, g: 0, b: 0, a: 1}
  - {r: 0, g: 0, b: 0, a: 1}
  - {r: 0, g: 0, b: 0, a: 1}
  - {r: 0, g: 0, b: 0, a: 1}
  - {r: 0, g: 0, b: 0, a: 1}
  - {r: 0, g: 0, b: 0, a: 1}
  - {r: 0, g: 0, b: 0, a: 1}
  - {r: 0, g: 0, b: 0, a: 1}
  - {r: 0, g: 0, b: 0, a: 1}
  - {r: 0, g: 0, b: 0, a: 1}
  - {r: 0, g: 0, b: 0, a: 1}
  - {r: 0, g: 0, b: 0, a: 1}
  - {r: 0, g: 0, b: 0, a: 1}
  - {r: 0, g: 0, b: 0, a: 1}
  - {r: 0, g: 0, b: 0, a: 1}
  - {r: 0, g: 0, b: 0, a: 1}
  - {r: 0, g: 0, b: 0, a: 1}
  - {r: 0, g: 0, b: 0, a: 1}
  - {r: 0, g: 0, b: 0, a: 1}
  - {r: 0, g: 0, b: 0, a: 1}
  colorsFlowMap:
  - {x: 0.005, y: 0.06613055}
  - {x: -0, y: 0.08656049}
  - {x: -0.005, y: 0.06613055}
  - {x: 0.005, y: 0.05987112}
  - {x: -0, y: 0.08099655}
  - {x: -0.005, y: 0.05987112}
  - {x: 0.005, y: 0.057489894}
  - {x: -0, y: 0.07887991}
  - {x: -0.005, y: 0.057489894}
  - {x: 0.005, y: 0.05788474}
  - {x: -0, y: 0.07923088}
  - {x: -0.005, y: 0.05788474}
  - {x: 0.005, y: 0.064293206}
  - {x: -0, y: 0.0849273}
  - {x: -0.005, y: 0.064293206}
  - {x: 0.005, y: 0.07476647}
  - {x: -0, y: 0.094236866}
  - {x: -0.005, y: 0.07476647}
  - {x: 0.005, y: 0.07440975}
  - {x: -0, y: 0.09391978}
  - {x: -0.005, y: 0.07440975}
  - {x: 0.005, y: 0.073805794}
  - {x: -0, y: 0.09338293}
  - {x: -0.005, y: 0.073805794}
  - {x: 0.005, y: 0.061476406}
  - {x: -0, y: 0.08242347}
  - {x: -0.005, y: 0.061476406}
  - {x: 0.005, y: 0.04586775}
  - {x: -0, y: 0.06854911}
  - {x: -0.005, y: 0.04586775}
  - {x: 0.005, y: 0.04026661}
  - {x: -0, y: 0.06357032}
  - {x: -0.005, y: 0.04026661}
  - {x: 0.005, y: 0.04009251}
  - {x: -0, y: 0.063415565}
  - {x: -0.005, y: 0.04009251}
  - {x: 0.005, y: 0.045518175}
  - {x: -0, y: 0.06823838}
  - {x: -0.005, y: 0.045518175}
  - {x: 0.005, y: 0.037836153}
  - {x: -0, y: 0.061409917}
  - {x: -0.005, y: 0.037836153}
  - {x: 0.005, y: 0.031979643}
  - {x: -0, y: 0.05620413}
  - {x: -0.005, y: 0.031979643}
  - {x: 0.005, y: 0.030340908}
  - {x: -0, y: 0.054747473}
  - {x: -0.005, y: 0.030340908}
  - {x: 0.005, y: 0.033243623}
  - {x: -0, y: 0.057327665}
  - {x: -0.005, y: 0.033243623}
  - {x: 0.005, y: 0.03821688}
  - {x: -0, y: 0.061748337}
  - {x: -0.005, y: 0.03821688}
  - {x: 0.005, y: 0.042270973}
  - {x: -0, y: 0.06535198}
  - {x: -0.005, y: 0.042270973}
  - {x: 0.005, y: 0.04520055}
  - {x: -0, y: 0.067956045}
  - {x: -0.005, y: 0.04520055}
  - {x: 0.005, y: 0.045105424}
  - {x: -0, y: 0.06787149}
  - {x: -0.005, y: 0.045105424}
  minVal: 0.5
  maxVal: 0.5
  width: 4
  vertsInShape: 3
  traingleDensity: 0.25
  uvScale: 3
  oldMaterial: {fileID: 0}
  showVertexColors: 0
  showFlowMap: 0
  overrideFlowMap: 0
  drawOnMesh: 0
  drawOnMeshFlowMap: 0
  uvScaleOverride: 0
  debug: 0
  drawColor: {r: 0.6509434, g: 0.39039192, b: 0, a: 1}
  flowSpeed: 1
  flowDirection: 0
  flowFlat:
    serializedVersion: 2
    m_Curve:
    - serializedVersion: 3
      time: 0
      value: 0.025
      inSlope: 0
      outSlope: 0
      tangentMode: 0
      weightedMode: 0
      inWeight: 0
      outWeight: 0
    - serializedVersion: 3
      time: 0.5
      value: 0.05
      inSlope: 0
      outSlope: 0
      tangentMode: 0
      weightedMode: 0
      inWeight: 0
      outWeight: 0
    - serializedVersion: 3
      time: 1
      value: 0.025
      inSlope: 0
      outSlope: 0
      tangentMode: 0
      weightedMode: 0
      inWeight: 0
      outWeight: 0
    m_PreInfinity: 2
    m_PostInfinity: 2
    m_RotationOrder: 4
  flowWaterfall:
    serializedVersion: 2
    m_Curve:
    - serializedVersion: 3
      time: 0
      value: 0.25
      inSlope: 0
      outSlope: 0
      tangentMode: 0
      weightedMode: 0
      inWeight: 0
      outWeight: 0
    - serializedVersion: 3
      time: 1
      value: 0.25
      inSlope: 0
      outSlope: 0
      tangentMode: 0
      weightedMode: 0
      inWeight: 0
      outWeight: 0
    m_PreInfinity: 2
    m_PostInfinity: 2
    m_RotationOrder: 4
  opacity: 0.1
  drawSize: 4
  length: 14.000001
  fulllength: 14.196999
  minMaxWidth: 1
  uvWidth: 1
  uvBeginning: 0
--- !u!114 &114790022315099516
MonoBehaviour:
  m_ObjectHideFlags: 1
  m_CorrespondingSourceObject: {fileID: 0}
  m_PrefabInternal: {fileID: 100100000}
  m_GameObject: {fileID: 1266415443572334}
  m_Enabled: 1
  m_EditorHideFlags: 0
  m_Script: {fileID: 11500000, guid: 23fa698560b688845bf08bafe6dc1b28, type: 3}
  m_Name: 
  m_EditorClassIdentifier: 
  m_AdditionalVertexStreamMesh: {fileID: 0}
