%YAML 1.1
%TAG !u! tag:unity3d.com,2011:
--- !u!1001 &100100000
Prefab:
  m_ObjectHideFlags: 1
  serializedVersion: 2
  m_Modification:
    m_TransformParent: {fileID: 0}
    m_Modifications: []
    m_RemovedComponents: []
  m_SourcePrefab: {fileID: 0}
  m_RootGameObject: {fileID: 1706746242948324}
  m_IsPrefabAsset: 1
--- !u!1 &1706746242948324
GameObject:
  m_ObjectHideFlags: 0
  m_CorrespondingSourceObject: {fileID: 0}
  m_PrefabInternal: {fileID: 100100000}
  serializedVersion: 6
  m_Component:
  - component: {fileID: 4619050811640846}
  - component: {fileID: 33320311689258428}
  - component: {fileID: 114769986210131256}
  - component: {fileID: 23914834672387224}
  m_Layer: 0
  m_Name: RamSpline (3)
  m_TagString: Untagged
  m_Icon: {fileID: 0}
  m_NavMeshLayer: 0
  m_StaticEditorFlags: 0
  m_IsActive: 1
--- !u!4 &4619050811640846
Transform:
  m_ObjectHideFlags: 1
  m_CorrespondingSourceObject: {fileID: 0}
  m_PrefabInternal: {fileID: 100100000}
  m_GameObject: {fileID: 1706746242948324}
  m_LocalRotation: {x: 0, y: 0, z: 0, w: 1}
  m_LocalPosition: {x: 300.6, y: 121.6, z: 942.59}
  m_LocalScale: {x: 1, y: 1, z: 1}
  m_Children: []
  m_Father: {fileID: 0}
  m_RootOrder: 0
  m_LocalEulerAnglesHint: {x: 0, y: 0, z: 0}
--- !u!23 &23914834672387224
MeshRenderer:
  m_ObjectHideFlags: 1
  m_CorrespondingSourceObject: {fileID: 0}
  m_PrefabInternal: {fileID: 100100000}
  m_GameObject: {fileID: 1706746242948324}
  m_Enabled: 1
  m_CastShadows: 0
  m_ReceiveShadows: 0
  m_DynamicOccludee: 1
  m_MotionVectors: 1
  m_LightProbeUsage: 1
  m_ReflectionProbeUsage: 1
  m_RenderingLayerMask: 4294967295
  m_Materials:
  - {fileID: 2100000, guid: c16506cf5dcf1254693154bc3d17efb3, type: 2}
  m_StaticBatchInfo:
    firstSubMesh: 0
    subMeshCount: 0
  m_StaticBatchRoot: {fileID: 0}
  m_ProbeAnchor: {fileID: 0}
  m_LightProbeVolumeOverride: {fileID: 0}
  m_ScaleInLightmap: 1
  m_PreserveUVs: 0
  m_IgnoreNormalsForChartDetection: 0
  m_ImportantGI: 0
  m_StitchLightmapSeams: 0
  m_SelectedEditorRenderState: 3
  m_MinimumChartSize: 4
  m_AutoUVMaxDistance: 0.5
  m_AutoUVMaxAngle: 89
  m_LightmapParameters: {fileID: 0}
  m_SortingLayerID: 0
  m_SortingLayer: 0
  m_SortingOrder: 0
--- !u!33 &33320311689258428
MeshFilter:
  m_ObjectHideFlags: 1
  m_CorrespondingSourceObject: {fileID: 0}
  m_PrefabInternal: {fileID: 100100000}
  m_GameObject: {fileID: 1706746242948324}
  m_Mesh: {fileID: 0}
--- !u!114 &114769986210131256
MonoBehaviour:
  m_ObjectHideFlags: 1
  m_CorrespondingSourceObject: {fileID: 0}
  m_PrefabInternal: {fileID: 100100000}
  m_GameObject: {fileID: 1706746242948324}
  m_Enabled: 1
  m_EditorHideFlags: 0
  m_Script: {fileID: 11500000, guid: 90aab69abd991e340b392a094924e817, type: 3}
  m_Name: 
  m_EditorClassIdentifier: 
  currentProfile: {fileID: 0}
  oldProfile: {fileID: 0}
  beginnigChildSplines: []
  endingChildSplines: []
  beginningSpline: {fileID: 0}
  endingSpline: {fileID: 0}
  beginningConnectionID: 0
  endingConnectionID: 0
  beginningMinWidth: 0
  beginningMaxWidth: 1
  endingMinWidth: 0
  endingMaxWidth: 1
  toolbarInt: 1
  invertUVDirection: 0
  uvRotation: 0
  meshfilter: {fileID: 33320311689258428}
  controlPoints:
  - {x: 25.889862, y: -1.6824129, z: 62.00335, w: 52.71}
  - {x: 67.49368, y: -41.694523, z: 15.515703, w: 13.136418}
  - {x: 48.382416, y: -52.8621, z: -3.7727728, w: 7.654318}
  - {x: 28.91269, y: -53.917057, z: -8.147374, w: 4}
  - {x: 50.376495, y: -70.22921, z: -31.944159, w: 0.24}
  controlPointsRotations:
  - {x: -0.019594003, y: 0.29362655, z: 0.15647547, w: -0.9428229}
  - {x: -0.00000004158728, y: 0.00000004590454, z: 0.026443888, w: -0.9996503}
  - {x: -0.00000010190958, y: -0.00000017889946, z: 0.1534479, w: 0.98815674}
  - {x: -0.0902358, y: 0.002745157, z: 0.22451994, w: 0.97027874}
  - {x: -0.047664497, y: -0.006310258, z: -0.13537884, w: 0.98962665}
  controlPointsOrientation:
  - {x: 0.11603904, y: -0.75513285, z: 0.34838402, w: -0.54308194}
  - {x: -0.026369873, y: -0.9382377, z: 0.31180584, w: -0.14762004}
  - {x: 0.06926431, y: 0.8646252, z: -0.18768686, w: -0.46086815}
  - {x: 0.22291708, y: 0.95554245, z: -0.1695012, w: 0.09228305}
  - {x: -0.05806922, y: 0.917769, z: -0.21995543, w: 0.3254961}
  controlPointsUp:
  - {x: 15.79078, y: -16.273909, z: 42.51789}
  - {x: 61.220875, y: -41.974167, z: 13.588263}
  - {x: 46.21775, y: -51.741608, z: -0.82220006}
  - {x: 27.145521, y: -53.127598, z: -8.651235}
  - {x: 50.282734, y: -70.259186, z: -32.01279}
  controlPointsDown:
  - {x: 35.988945, y: 12.909083, z: 81.48881}
  - {x: 73.766495, y: -41.41488, z: 17.443144}
  - {x: 50.54708, y: -53.98259, z: -6.7233458}
  - {x: 30.679857, y: -54.706516, z: -7.6435137}
  - {x: 50.470257, y: -70.199234, z: -31.87553}
  controlPointsSnap:
  - 0
  - 0
  - 0
  - 0
  - 0
  meshCurve:
    serializedVersion: 2
    m_Curve:
    - serializedVersion: 3
      time: 0
      value: 0
      inSlope: 0
      outSlope: 0
      tangentMode: 0
      weightedMode: 0
      inWeight: 0.33333334
      outWeight: 0.33333334
    - serializedVersion: 3
      time: 1
      value: 0
      inSlope: 0
      outSlope: 0
      tangentMode: 0
      weightedMode: 0
      inWeight: 0.33333334
      outWeight: 0.33333334
    m_PreInfinity: 2
    m_PostInfinity: 2
    m_RotationOrder: 4
  controlPointsMeshCurves:
  - serializedVersion: 2
    m_Curve:
    - serializedVersion: 3
      time: 0
      value: 0
      inSlope: 0
      outSlope: 0
      tangentMode: 0
      weightedMode: 0
      inWeight: 0.33333334
      outWeight: 0.33333334
    - serializedVersion: 3
      time: 1
      value: 0
      inSlope: 0
      outSlope: 0
      tangentMode: 0
      weightedMode: 0
      inWeight: 0.33333334
      outWeight: 0.33333334
    m_PreInfinity: 2
    m_PostInfinity: 2
    m_RotationOrder: 4
  - serializedVersion: 2
    m_Curve:
    - serializedVersion: 3
      time: 0
      value: 0
      inSlope: 0
      outSlope: 0
      tangentMode: 0
      weightedMode: 0
      inWeight: 0.33333334
      outWeight: 0.33333334
    - serializedVersion: 3
      time: 1
      value: 0
      inSlope: 0
      outSlope: 0
      tangentMode: 0
      weightedMode: 0
      inWeight: 0.33333334
      outWeight: 0.33333334
    m_PreInfinity: 2
    m_PostInfinity: 2
    m_RotationOrder: 4
  - serializedVersion: 2
    m_Curve:
    - serializedVersion: 3
      time: 0
      value: 0
      inSlope: 0
      outSlope: 0
      tangentMode: 0
      weightedMode: 0
      inWeight: 0.33333334
      outWeight: 0.33333334
    - serializedVersion: 3
      time: 1
      value: 0
      inSlope: 0
      outSlope: 0
      tangentMode: 0
      weightedMode: 0
      inWeight: 0.33333334
      outWeight: 0.33333334
    m_PreInfinity: 2
    m_PostInfinity: 2
    m_RotationOrder: 4
  - serializedVersion: 2
    m_Curve:
    - serializedVersion: 3
      time: 0
      value: 0
      inSlope: 0
      outSlope: 0
      tangentMode: 0
      weightedMode: 0
      inWeight: 0.33333334
      outWeight: 0.33333334
    - serializedVersion: 3
      time: 1
      value: 0
      inSlope: 0
      outSlope: 0
      tangentMode: 0
      weightedMode: 0
      inWeight: 0.33333334
      outWeight: 0.33333334
    m_PreInfinity: 2
    m_PostInfinity: 2
    m_RotationOrder: 4
  - serializedVersion: 2
    m_Curve:
    - serializedVersion: 3
      time: 0
      value: 0
      inSlope: 0
      outSlope: 0
      tangentMode: 0
      weightedMode: 0
      inWeight: 0.33333334
      outWeight: 0.33333334
    - serializedVersion: 3
      time: 1
      value: 0
      inSlope: 0
      outSlope: 0
      tangentMode: 0
      weightedMode: 0
      inWeight: 0.33333334
      outWeight: 0.33333334
    m_PreInfinity: 2
    m_PostInfinity: 2
    m_RotationOrder: 4
  terrainCurve:
    serializedVersion: 2
    m_Curve:
    - serializedVersion: 3
      time: 0
      value: 0
      inSlope: 0
      outSlope: 0
      tangentMode: 0
      weightedMode: 0
      inWeight: 0.33333334
      outWeight: 0.33333334
    - serializedVersion: 3
      time: 1
      value: 0
      inSlope: 0
      outSlope: 0
      tangentMode: 0
      weightedMode: 0
      inWeight: 0.33333334
      outWeight: 0.33333334
    m_PreInfinity: 2
    m_PostInfinity: 2
    m_RotationOrder: 4
  detailTerrain: 100
  detailTerrainForward: 100
  normalFromRaycast: 0
  snapToTerrain: 0
  snapMask:
    serializedVersion: 2
    m_Bits: 1
  points:
  - {x: 25.889862, y: -1.6824129, z: 62.00335}
  - {x: 34.78856, y: -9.548132, z: 53.012623}
  - {x: 47.886227, y: -20.990494, z: 39.965057}
  - {x: 60.386665, y: -32.78184, z: 26.314724}
  - {x: 67.49368, y: -41.694523, z: 15.515694}
  - {x: 66.99329, y: -46.751564, z: 8.431599}
  - {x: 61.755146, y: -49.713135, z: 3.2394}
  - {x: 54.608444, y: -51.45729, z: -0.63676596}
  - {x: 48.382416, y: -52.8621, z: -3.7727718}
  - {x: 42.58081, y: -53.47929, z: -5.4598475}
  - {x: 36.11161, y: -53.068043, z: -5.6783047}
  - {x: 30.910383, y: -52.817566, z: -6.0376472}
  - {x: 28.91269, y: -53.91706, z: -8.147376}
  - {x: 31.903557, y: -57.304638, z: -13.288685}
  - {x: 38.427734, y: -62.13907, z: -20.31918}
  - {x: 45.560337, y: -66.94053, z: -27.212967}
  - {x: 50.376495, y: -70.22921, z: -31.94416}
  pointsUp:
  - {x: 15.79078, y: -16.273909, z: 42.51789}
  - {x: 25.370403, y: -21.265348, z: 36.979305}
  - {x: 39.44352, y: -28.51357, z: 28.953732}
  - {x: 53.04779, y: -36.067028, z: 20.477833}
  - {x: 61.220867, y: -41.974163, z: 13.588266}
  - {x: 61.814674, y: -45.732746, z: 8.810516}
  - {x: 57.750717, y: -48.37753, z: 5.064244}
  - {x: 51.671043, y: -50.26249, z: 1.9773647}
  - {x: 46.21775, y: -51.741608, z: -0.8222022}
  - {x: 40.746517, y: -52.308388, z: -2.878172}
  - {x: 34.297867, y: -51.974342, z: -4.1772738}
  - {x: 29.0411, y: -51.870426, z: -5.7560964}
  - {x: 27.14553, y: -53.127594, z: -8.651235}
  - {x: 30.504251, y: -56.704906, z: -13.94703}
  - {x: 37.52211, y: -61.780014, z: -20.82133}
  - {x: 45.135983, y: -66.81181, z: -27.45097}
  - {x: 50.282738, y: -70.25918, z: -32.012787}
  pointsDown:
  - {x: 35.988945, y: 12.909083, z: 81.48881}
  - {x: 44.20672, y: 2.169084, z: 69.04594}
  - {x: 56.328934, y: -13.467416, z: 50.976383}
  - {x: 67.72554, y: -29.496655, z: 32.15163}
  - {x: 73.766495, y: -41.41488, z: 17.443153}
  - {x: 72.17192, y: -47.770382, z: 8.052682}
  - {x: 65.75959, y: -51.048737, z: 1.4145558}
  - {x: 57.545868, y: -52.65209, z: -3.250898}
  - {x: 50.547104, y: -53.98259, z: -6.7233467}
  - {x: 44.4151, y: -54.650192, z: -8.041524}
  - {x: 37.925354, y: -54.161736, z: -7.1793337}
  - {x: 32.779663, y: -53.76469, z: -6.319194}
  - {x: 30.679848, y: -54.70651, z: -7.643511}
  - {x: 33.302864, y: -57.904373, z: -12.630342}
  - {x: 39.33336, y: -62.498123, z: -19.817034}
  - {x: 45.984688, y: -67.069244, z: -26.974972}
  - {x: 50.470253, y: -70.199234, z: -31.875532}
  points2: []
  verticesBeginning:
  - {x: 35.988945, y: 12.909083, z: 81.48881}
  - {x: 25.889862, y: -1.6824126, z: 62.00335}
  - {x: 15.79078, y: -16.273909, z: 42.51789}
  verticesEnding:
  - {x: 50.470253, y: -70.199234, z: -31.875532}
  - {x: 50.376495, y: -70.2292, z: -31.94416}
  - {x: 50.282738, y: -70.25918, z: -32.012787}
  normalsBeginning:
  - {x: 0.20315236, y: 0.730327, z: -0.65218985}
  - {x: 0.20315236, y: 0.730327, z: -0.65218985}
  - {x: 0.20315236, y: 0.730327, z: -0.65218985}
  normalsEnding:
  - {x: 0.036601, y: 0.89649516, z: -0.44153917}
  - {x: 0.036601, y: 0.89649516, z: -0.44153917}
  - {x: 0.036601, y: 0.89649516, z: -0.44153917}
  widths:
  - 52.71
  - 42.816605
  - 32.92321
  - 23.029814
  - 13.136418
  - 11.765893
  - 10.395369
  - 9.024843
  - 7.654318
  - 6.7407384
  - 5.827159
  - 4.9135795
  - 4
  - 3.06
  - 2.12
  - 1.18
  - 0.24
  snaps:
  - 0
  - 0
  - 0
  - 0
  - 0
  - 0
  - 0
  - 0
  - 0
  - 0
  - 0
  - 0
  - 0
  - 0
  - 0
  - 0
  - 0
  lerpValues:
  - 0
  - 0.25
  - 0.5
  - 0.75
  - 1
  - 1.25
  - 1.5
  - 1.75
  - 2
  - 2.25
  - 2.5
  - 2.75
  - 3
  - 3.25
  - 3.5
  - 3.75
  - 4
  orientations:
  - {x: 0.11603904, y: -0.75513285, z: 0.34838402, w: -0.54308194}
  - {x: 0.05960715, y: -0.7844903, z: 0.3262552, w: -0.52400357}
  - {x: 0.014595636, y: -0.82959354, z: 0.30911562, w: -0.46476793}
  - {x: -0.024483183, y: -0.8777439, z: 0.29879132, w: -0.37375122}
  - {x: -0.026369803, y: -0.93823785, z: 0.31180558, w: -0.14761998}
  - {x: 0.045615315, y: -0.93796647, z: 0.24874778, w: 0.23719773}
  - {x: 0.0074489545, y: -0.87586635, z: 0.14776209, w: 0.45931354}
  - {x: 0.044422157, y: 0.8424187, z: -0.13265356, w: -0.5203466}
  - {x: -0.069264315, y: -0.8646252, z: 0.18768683, w: 0.46086818}
  - {x: -0.14737886, y: -0.7307979, z: 0.0924883, w: 0.6600454}
  - {x: -0.19545561, y: -0.6860429, z: 0.071724735, w: 0.69713545}
  - {x: -0.18786806, y: -0.7717434, z: 0.09584034, w: 0.59994364}
  - {x: 0.22291707, y: 0.9555424, z: -0.16950144, w: 0.0922831}
  - {x: 0.17784494, y: 0.91039306, z: -0.10465334, w: 0.35861313}
  - {x: 0.10047687, y: 0.9066859, z: -0.12804155, w: 0.38914064}
  - {x: 0.022647832, y: 0.90807605, z: -0.16888213, w: 0.38257524}
  - {x: -0.05806922, y: 0.917769, z: -0.21995543, w: 0.3254961}
  tangents:
  - {x: 0.5613458, y: -0.5398694, z: -0.62724155}
  - {x: 0.6072032, y: -0.524567, z: -0.59676933}
  - {x: 0.5926088, y: -0.52969676, z: -0.6068246}
  - {x: 0.53359014, y: -0.5480262, z: -0.6441653}
  - {x: 0.2605607, y: -0.59288096, z: -0.7619713}
  - {x: -0.42227373, y: -0.48827383, z: -0.7637235}
  - {x: -0.8023934, y: -0.26568255, z: -0.5343946}
  - {x: -0.888485, y: -0.17726992, z: -0.42328453}
  - {x: -0.82295656, y: -0.26071417, z: -0.504748}
  - {x: -0.99432254, y: 0.014662328, z: -0.105393246}
  - {x: -0.9963238, y: 0.085602134, z: -0.00334097}
  - {x: -0.9694453, y: -0.05593819, z: -0.2388445}
  - {x: 0.060145054, y: -0.5238242, z: -0.84970033}
  - {x: 0.5598796, y: -0.46515793, z: -0.6856842}
  - {x: 0.63566077, y: -0.44005096, z: -0.6342637}
  - {x: 0.6527511, y: -0.4335309, z: -0.62126243}
  - {x: 0.59689206, y: -0.45362884, z: -0.6617708}
  normalsList:
  - {x: 0.36002833, y: 0.8417488, z: -0.40229163}
  - {x: 0.3741254, y: 0.85136914, z: -0.3676966}
  - {x: 0.37008697, y: 0.8481871, z: -0.37896478}
  - {x: 0.34959346, y: 0.8364611, z: -0.4220392}
  - {x: 0.19183332, y: 0.8052901, z: -0.56098825}
  - {x: -0.23626384, y: 0.8726905, z: -0.42730635}
  - {x: -0.2211292, y: 0.9640606, z: -0.14727221}
  - {x: -0.16003627, y: 0.9841623, z: -0.07624313}
  - {x: -0.22224249, y: 0.9654161, z: -0.13630907}
  - {x: 0.01458065, y: 0.99989253, z: 0.0015454765}
  - {x: 0.08560165, y: 0.9963294, z: 0.0002870478}
  - {x: -0.054314062, y: 0.99843425, z: -0.013381482}
  - {x: 0.03698575, y: 0.85182637, z: -0.52251685}
  - {x: 0.29419827, y: 0.88522774, z: -0.36030445}
  - {x: 0.31150517, y: 0.8979728, z: -0.31082052}
  - {x: 0.3140335, y: 0.90113866, z: -0.29888454}
  - {x: 0.30382666, y: 0.8911907, z: -0.33685085}
  colors:
  - {r: 0, g: 0, b: 0, a: 1}
  - {r: 0, g: 0, b: 0, a: 1}
  - {r: 0, g: 0, b: 0, a: 1}
  - {r: 0, g: 0, b: 0, a: 1}
  - {r: 0, g: 0, b: 0, a: 1}
  - {r: 0, g: 0, b: 0, a: 1}
  - {r: 0, g: 0, b: 0, a: 1}
  - {r: 0, g: 0, b: 0, a: 1}
  - {r: 0, g: 0, b: 0, a: 1}
  - {r: 0, g: 0, b: 0, a: 1}
  - {r: 0, g: 0, b: 0, a: 1}
  - {r: 0, g: 0, b: 0, a: 1}
  - {r: 0, g: 0, b: 0, a: 1}
  - {r: 0, g: 0, b: 0, a: 1}
  - {r: 0, g: 0, b: 0, a: 1}
  - {r: 0, g: 0, b: 0, a: 1}
  - {r: 0, g: 0, b: 0, a: 1}
  - {r: 0, g: 0, b: 0, a: 1}
  - {r: 0, g: 0, b: 0, a: 1}
  - {r: 0, g: 0, b: 0, a: 1}
  - {r: 0, g: 0, b: 0, a: 1}
  - {r: 0, g: 0, b: 0, a: 1}
  - {r: 0, g: 0, b: 0, a: 1}
  - {r: 0, g: 0, b: 0, a: 1}
  - {r: 0, g: 0, b: 0, a: 1}
  - {r: 0, g: 0, b: 0, a: 1}
  - {r: 0, g: 0, b: 0, a: 1}
  - {r: 0, g: 0, b: 0, a: 1}
  - {r: 0, g: 0, b: 0, a: 1}
  - {r: 0, g: 0, b: 0, a: 1}
  - {r: 0, g: 0, b: 0, a: 1}
  - {r: 0, g: 0, b: 0, a: 1}
  - {r: 0, g: 0, b: 0, a: 1}
  - {r: 0, g: 0, b: 0, a: 1}
  - {r: 0, g: 0, b: 0, a: 1}
  - {r: 0, g: 0, b: 0, a: 1}
  - {r: 0, g: 0, b: 0, a: 1}
  - {r: 0, g: 0, b: 0, a: 1}
  - {r: 0, g: 0, b: 0, a: 1}
  - {r: 0, g: 0, b: 0, a: 1}
  - {r: 0, g: 0, b: 0, a: 1}
  - {r: 0, g: 0, b: 0, a: 1}
  - {r: 0, g: 0, b: 0, a: 1}
  - {r: 0, g: 0, b: 0, a: 1}
  - {r: 0, g: 0, b: 0, a: 1}
  - {r: 0, g: 0, b: 0, a: 1}
  - {r: 0, g: 0, b: 0, a: 1}
  - {r: 0, g: 0, b: 0, a: 1}
  - {r: 0, g: 0, b: 0, a: 1}
  - {r: 0, g: 0, b: 0, a: 1}
  - {r: 0, g: 0, b: 0, a: 1}
  colorsFlowMap:
  - {x: 0.005, y: 0.085676424}
  - {x: -0, y: 0.1039346}
  - {x: -0.005, y: 0.085676424}
  - {x: 0.005, y: 0.07449797}
  - {x: -0, y: 0.093998194}
  - {x: -0.005, y: 0.07449797}
  - {x: 0.005, y: 0.06809448}
  - {x: -0, y: 0.0883062}
  - {x: -0.005, y: 0.06809448}
  - {x: 0.005, y: 0.06544405}
  - {x: -0, y: 0.08595027}
  - {x: -0.005, y: 0.06544405}
  - {x: 0.005, y: 0.06906314}
  - {x: -0, y: 0.08916724}
  - {x: -0.005, y: 0.06906314}
  - {x: 0.005, y: 0.05378029}
  - {x: -0, y: 0.07558248}
  - {x: -0.005, y: 0.05378029}
  - {x: 0.005, y: 0.034850106}
  - {x: -0, y: 0.058755647}
  - {x: -0.005, y: 0.034850106}
  - {x: 0.005, y: 0.03380663}
  - {x: -0, y: 0.057828117}
  - {x: -0.005, y: 0.03380663}
  - {x: 0.005, y: 0.043010753}
  - {x: -0, y: 0.06600956}
  - {x: -0.005, y: 0.043010753}
  - {x: 0.005, y: 0.03862357}
  - {x: -0, y: 0.06210984}
  - {x: -0.005, y: 0.03862357}
  - {x: 0.005, y: 0.044506297}
  - {x: -0, y: 0.06733893}
  - {x: -0.005, y: 0.044506297}
  - {x: 0.005, y: 0.045015905}
  - {x: -0, y: 0.06779192}
  - {x: -0.005, y: 0.045015905}
  - {x: 0.005, y: 0.06029024}
  - {x: -0, y: 0.0813691}
  - {x: -0.005, y: 0.06029024}
  - {x: 0.005, y: 0.044161513}
  - {x: -0, y: 0.06703246}
  - {x: -0.005, y: 0.044161513}
  - {x: 0.005, y: 0.036920607}
  - {x: -0, y: 0.060596097}
  - {x: -0.005, y: 0.036920607}
  - {x: 0.005, y: 0.038065348}
  - {x: -0, y: 0.061613645}
  - {x: -0.005, y: 0.038065348}
  - {x: 0.005, y: 0.048288587}
  - {x: -0, y: 0.070700966}
  - {x: -0.005, y: 0.048288587}
  minVal: 0.5
  maxVal: 0.5
  width: 4
  vertsInShape: 3
  traingleDensity: 0.25
  uvScale: 3
  oldMaterial: {fileID: 0}
  showVertexColors: 0
  showFlowMap: 0
  overrideFlowMap: 0
  drawOnMesh: 0
  drawOnMeshFlowMap: 0
  uvScaleOverride: 0
  debug: 0
  drawColor: {r: 0, g: 0, b: 0, a: 1}
  flowSpeed: 1
  flowDirection: 0
  flowFlat:
    serializedVersion: 2
    m_Curve:
    - serializedVersion: 3
      time: 0
      value: 0.025
      inSlope: 0
      outSlope: 0
      tangentMode: 0
      weightedMode: 0
      inWeight: 0
      outWeight: 0
    - serializedVersion: 3
      time: 0.5
      value: 0.05
      inSlope: 0
      outSlope: 0
      tangentMode: 0
      weightedMode: 0
      inWeight: 0
      outWeight: 0
    - serializedVersion: 3
      time: 1
      value: 0.025
      inSlope: 0
      outSlope: 0
      tangentMode: 0
      weightedMode: 0
      inWeight: 0
      outWeight: 0
    m_PreInfinity: 2
    m_PostInfinity: 2
    m_RotationOrder: 4
  flowWaterfall:
    serializedVersion: 2
    m_Curve:
    - serializedVersion: 3
      time: 0
      value: 0.25
      inSlope: 0
      outSlope: 0
      tangentMode: 0
      weightedMode: 0
      inWeight: 0
      outWeight: 0
    - serializedVersion: 3
      time: 1
      value: 0.25
      inSlope: 0
      outSlope: 0
      tangentMode: 0
      weightedMode: 0
      inWeight: 0
      outWeight: 0
    m_PreInfinity: 2
    m_PostInfinity: 2
    m_RotationOrder: 4
  opacity: 0.1
  drawSize: 4
  length: 20
  fulllength: 19.509155
  minMaxWidth: 1
  uvWidth: 1
  uvBeginning: 0
