%YAML 1.1
%TAG !u! tag:unity3d.com,2011:
--- !u!1001 &100100000
Prefab:
  m_ObjectHideFlags: 1
  serializedVersion: 2
  m_Modification:
    m_TransformParent: {fileID: 0}
    m_Modifications: []
    m_RemovedComponents: []
  m_SourcePrefab: {fileID: 0}
  m_RootGameObject: {fileID: 1173483947025706}
  m_IsPrefabAsset: 1
--- !u!1 &1173483947025706
GameObject:
  m_ObjectHideFlags: 0
  m_CorrespondingSourceObject: {fileID: 0}
  m_PrefabInternal: {fileID: 100100000}
  serializedVersion: 6
  m_Component:
  - component: {fileID: 4515998928636568}
  - component: {fileID: 33601981313797196}
  - component: {fileID: 114145332752337854}
  - component: {fileID: 23702037463742938}
  m_Layer: 0
  m_Name: RamSpline (2)
  m_TagString: Untagged
  m_Icon: {fileID: 0}
  m_NavMeshLayer: 0
  m_StaticEditorFlags: 0
  m_IsActive: 1
--- !u!4 &4515998928636568
Transform:
  m_ObjectHideFlags: 1
  m_CorrespondingSourceObject: {fileID: 0}
  m_PrefabInternal: {fileID: 100100000}
  m_GameObject: {fileID: 1173483947025706}
  m_LocalRotation: {x: 0, y: 0, z: 0, w: 1}
  m_LocalPosition: {x: 239.8, y: 126.5, z: 942.59}
  m_LocalScale: {x: 1, y: 1, z: 1}
  m_Children: []
  m_Father: {fileID: 0}
  m_RootOrder: 0
  m_LocalEulerAnglesHint: {x: 0, y: 0, z: 0}
--- !u!23 &23702037463742938
MeshRenderer:
  m_ObjectHideFlags: 1
  m_CorrespondingSourceObject: {fileID: 0}
  m_PrefabInternal: {fileID: 100100000}
  m_GameObject: {fileID: 1173483947025706}
  m_Enabled: 1
  m_CastShadows: 0
  m_ReceiveShadows: 0
  m_DynamicOccludee: 1
  m_MotionVectors: 1
  m_LightProbeUsage: 1
  m_ReflectionProbeUsage: 1
  m_RenderingLayerMask: 4294967295
  m_Materials:
  - {fileID: 2100000, guid: c16506cf5dcf1254693154bc3d17efb3, type: 2}
  m_StaticBatchInfo:
    firstSubMesh: 0
    subMeshCount: 0
  m_StaticBatchRoot: {fileID: 0}
  m_ProbeAnchor: {fileID: 0}
  m_LightProbeVolumeOverride: {fileID: 0}
  m_ScaleInLightmap: 1
  m_PreserveUVs: 0
  m_IgnoreNormalsForChartDetection: 0
  m_ImportantGI: 0
  m_StitchLightmapSeams: 0
  m_SelectedEditorRenderState: 3
  m_MinimumChartSize: 4
  m_AutoUVMaxDistance: 0.5
  m_AutoUVMaxAngle: 89
  m_LightmapParameters: {fileID: 0}
  m_SortingLayerID: 0
  m_SortingLayer: 0
  m_SortingOrder: 0
--- !u!33 &33601981313797196
MeshFilter:
  m_ObjectHideFlags: 1
  m_CorrespondingSourceObject: {fileID: 0}
  m_PrefabInternal: {fileID: 100100000}
  m_GameObject: {fileID: 1173483947025706}
  m_Mesh: {fileID: 0}
--- !u!114 &114145332752337854
MonoBehaviour:
  m_ObjectHideFlags: 1
  m_CorrespondingSourceObject: {fileID: 0}
  m_PrefabInternal: {fileID: 100100000}
  m_GameObject: {fileID: 1173483947025706}
  m_Enabled: 1
  m_EditorHideFlags: 0
  m_Script: {fileID: 11500000, guid: 90aab69abd991e340b392a094924e817, type: 3}
  m_Name: 
  m_EditorClassIdentifier: 
  currentProfile: {fileID: 0}
  oldProfile: {fileID: 0}
  beginnigChildSplines: []
  endingChildSplines: []
  beginningSpline: {fileID: 0}
  endingSpline: {fileID: 0}
  beginningConnectionID: 0
  endingConnectionID: 0
  beginningMinWidth: 0
  beginningMaxWidth: 1
  endingMinWidth: 0
  endingMaxWidth: 1
  toolbarInt: 1
  invertUVDirection: 0
  uvRotation: 0
  meshfilter: {fileID: 33601981313797196}
  controlPoints:
  - {x: 60.080124, y: 9.4545, z: 78.740555, w: 55.1}
  - {x: 37.919235, y: -33.86357, z: 15.515701, w: 13.136418}
  - {x: 48.929, y: -51.01346, z: -7.113861, w: 7.654318}
  - {x: 42.003098, y: -59.573177, z: -25.394949, w: 4}
  - {x: 62.04521, y: -69.204414, z: -41.756905, w: 1.7261962}
  - {x: 49.101303, y: -76.09064, z: -45.865, w: 0.045514952}
  controlPointsRotations:
  - {x: -0.0000014460763, y: -0.00000032877597, z: 0.16658461, w: 0.9860272}
  - {x: -0.0000004236206, y: 0.00000009176931, z: 0.08632477, w: 0.996267}
  - {x: 0.0000001228958, y: -0.000000028417436, z: 0.04932395, w: 0.9987828}
  - {x: 0.00000156924, y: -0.000000079123666, z: 0.02666402, w: 0.99964446}
  - {x: 0.048060976, y: -0.0013235443, z: -0.023168482, w: -0.9985748}
  - {x: 0, y: 0, z: 0, w: 1}
  controlPointsOrientation:
  - {x: 0.11068295, y: 0.9402087, z: -0.30195108, w: -0.112172306}
  - {x: 0.06287575, y: 0.95002544, z: -0.3037102, w: -0.035474997}
  - {x: 0.06105001, y: 0.95818245, z: -0.272761, w: 0.061326392}
  - {x: 0.06625746, y: 0.9567325, z: -0.21781881, w: 0.18118456}
  - {x: -0.067574665, y: -0.9470766, z: 0.2664456, w: -0.16579014}
  - {x: -0.13730241, y: 0.7848887, z: -0.18762882, w: -0.5743634}
  controlPointsUp:
  - {x: 33.89843, y: 17.054752, z: 82.710205}
  - {x: 31.41949, y: -32.93735, z: 15.707574}
  - {x: 45.159157, y: -50.69374, z: -7.6911035}
  - {x: 40.15197, y: -59.477478, z: -26.146057}
  - {x: 61.237442, y: -69.1702, z: -42.059025}
  - {x: 49.09441, y: -76.090645, z: -45.84333}
  controlPointsDown:
  - {x: 86.26182, y: 1.854248, z: 74.770905}
  - {x: 44.41898, y: -34.78979, z: 15.323829}
  - {x: 52.698845, y: -51.333176, z: -6.5366187}
  - {x: 43.854225, y: -59.668877, z: -24.64384}
  - {x: 62.85298, y: -69.23863, z: -41.454784}
  - {x: 49.10818, y: -76.090645, z: -45.88671}
  controlPointsSnap:
  - 0
  - 0
  - 0
  - 0
  - 0
  - 0
  meshCurve:
    serializedVersion: 2
    m_Curve:
    - serializedVersion: 3
      time: 0
      value: 0
      inSlope: 0
      outSlope: 0
      tangentMode: 0
      weightedMode: 0
      inWeight: 0.33333334
      outWeight: 0.33333334
    - serializedVersion: 3
      time: 1
      value: 0
      inSlope: 0
      outSlope: 0
      tangentMode: 0
      weightedMode: 0
      inWeight: 0.33333334
      outWeight: 0.33333334
    m_PreInfinity: 2
    m_PostInfinity: 2
    m_RotationOrder: 4
  controlPointsMeshCurves:
  - serializedVersion: 2
    m_Curve:
    - serializedVersion: 3
      time: 0
      value: 0
      inSlope: 0
      outSlope: 0
      tangentMode: 0
      weightedMode: 0
      inWeight: 0.33333334
      outWeight: 0.33333334
    - serializedVersion: 3
      time: 1
      value: 0
      inSlope: 0
      outSlope: 0
      tangentMode: 0
      weightedMode: 0
      inWeight: 0.33333334
      outWeight: 0.33333334
    m_PreInfinity: 2
    m_PostInfinity: 2
    m_RotationOrder: 4
  - serializedVersion: 2
    m_Curve:
    - serializedVersion: 3
      time: 0
      value: 0
      inSlope: 0
      outSlope: 0
      tangentMode: 0
      weightedMode: 0
      inWeight: 0.33333334
      outWeight: 0.33333334
    - serializedVersion: 3
      time: 1
      value: 0
      inSlope: 0
      outSlope: 0
      tangentMode: 0
      weightedMode: 0
      inWeight: 0.33333334
      outWeight: 0.33333334
    m_PreInfinity: 2
    m_PostInfinity: 2
    m_RotationOrder: 4
  - serializedVersion: 2
    m_Curve:
    - serializedVersion: 3
      time: 0
      value: 0
      inSlope: 0
      outSlope: 0
      tangentMode: 0
      weightedMode: 0
      inWeight: 0.33333334
      outWeight: 0.33333334
    - serializedVersion: 3
      time: 1
      value: 0
      inSlope: 0
      outSlope: 0
      tangentMode: 0
      weightedMode: 0
      inWeight: 0.33333334
      outWeight: 0.33333334
    m_PreInfinity: 2
    m_PostInfinity: 2
    m_RotationOrder: 4
  - serializedVersion: 2
    m_Curve:
    - serializedVersion: 3
      time: 0
      value: 0
      inSlope: 0
      outSlope: 0
      tangentMode: 0
      weightedMode: 0
      inWeight: 0.33333334
      outWeight: 0.33333334
    - serializedVersion: 3
      time: 1
      value: 0
      inSlope: 0
      outSlope: 0
      tangentMode: 0
      weightedMode: 0
      inWeight: 0.33333334
      outWeight: 0.33333334
    m_PreInfinity: 2
    m_PostInfinity: 2
    m_RotationOrder: 4
  - serializedVersion: 2
    m_Curve:
    - serializedVersion: 3
      time: 0
      value: 0
      inSlope: 0
      outSlope: 0
      tangentMode: 0
      weightedMode: 0
      inWeight: 0.33333334
      outWeight: 0.33333334
    - serializedVersion: 3
      time: 1
      value: 0
      inSlope: 0
      outSlope: 0
      tangentMode: 0
      weightedMode: 0
      inWeight: 0.33333334
      outWeight: 0.33333334
    m_PreInfinity: 2
    m_PostInfinity: 2
    m_RotationOrder: 4
  - serializedVersion: 2
    m_Curve:
    - serializedVersion: 3
      time: 0
      value: 0
      inSlope: 0
      outSlope: 0
      tangentMode: 0
      weightedMode: 0
      inWeight: 0.33333334
      outWeight: 0.33333334
    - serializedVersion: 3
      time: 1
      value: 0
      inSlope: 0
      outSlope: 0
      tangentMode: 0
      weightedMode: 0
      inWeight: 0.33333334
      outWeight: 0.33333334
    m_PreInfinity: 2
    m_PostInfinity: 2
    m_RotationOrder: 4
  terrainCurve:
    serializedVersion: 2
    m_Curve:
    - serializedVersion: 3
      time: 0
      value: 0
      inSlope: 0
      outSlope: 0
      tangentMode: 0
      weightedMode: 0
      inWeight: 0.33333334
      outWeight: 0.33333334
    - serializedVersion: 3
      time: 1
      value: 0
      inSlope: 0
      outSlope: 0
      tangentMode: 0
      weightedMode: 0
      inWeight: 0.33333334
      outWeight: 0.33333334
    m_PreInfinity: 2
    m_PostInfinity: 2
    m_RotationOrder: 4
  detailTerrain: 100
  detailTerrainForward: 100
  normalFromRaycast: 0
  snapToTerrain: 0
  snapMask:
    serializedVersion: 2
    m_Bits: 1
  points:
  - {x: 60.080124, y: 9.4545, z: 78.740555}
  - {x: 55.320652, y: 1.0574678, z: 66.42839}
  - {x: 48.31157, y: -11.132667, z: 48.542477}
  - {x: 41.646538, y: -23.858734, z: 29.949398}
  - {x: 37.919228, y: -33.86357, z: 15.515709}
  - {x: 38.75973, y: -40.192326, z: 6.9020367}
  - {x: 42.47193, y: -44.610912, z: 1.3919349}
  - {x: 46.660225, y: -47.9433, z: -2.713673}
  - {x: 48.929, y: -51.01346, z: -7.113861}
  - {x: 47.826565, y: -53.73227, z: -12.034865}
  - {x: 44.901527, y: -55.763233, z: -16.646132}
  - {x: 42.25875, y: -57.55924, z: -21.061535}
  - {x: 42.003098, y: -59.57318, z: -25.39495}
  - {x: 45.89055, y: -61.969982, z: -29.907578}
  - {x: 52.40028, y: -64.49339, z: -34.46174}
  - {x: 58.721954, y: -66.96449, z: -38.57299}
  - {x: 62.04521, y: -69.204414, z: -41.7569}
  - {x: 60.825188, y: -71.28037, z: -43.741814}
  - {x: 56.82589, y: -73.24947, z: -44.833584}
  - {x: 52.20027, y: -74.91761, z: -45.41404}
  - {x: 49.101295, y: -76.090645, z: -45.86502}
  pointsUp:
  - {x: 33.89843, y: 17.054752, z: 82.710205}
  - {x: 33.072872, y: 7.316272, z: 69.648705}
  - {x: 31.80023, y: -6.831525, z: 50.671307}
  - {x: 30.956953, y: -21.53421, z: 30.962704}
  - {x: 31.419487, y: -32.937347, z: 15.707569}
  - {x: 34.153416, y: -39.85332, z: 6.6761336}
  - {x: 38.44734, y: -44.391068, z: 0.97400594}
  - {x: 42.662254, y: -47.641052, z: -3.211008}
  - {x: 45.15915, y: -50.69374, z: -7.691103}
  - {x: 44.613953, y: -53.499264, z: -12.712026}
  - {x: 42.196453, y: -55.589592, z: -17.386436}
  - {x: 40.008514, y: -57.42793, z: -21.826921}
  - {x: 40.15198, y: -59.477486, z: -26.146055}
  - {x: 44.36749, y: -61.90172, z: -30.587297}
  - {x: 51.140694, y: -64.440285, z: -35.019455}
  - {x: 57.690907, y: -66.92064, z: -38.993156}
  - {x: 61.237442, y: -69.1702, z: -42.059025}
  - {x: 60.253464, y: -71.25743, z: -43.94659}
  - {x: 56.48377, y: -73.23621, z: -44.94574}
  - {x: 52.055164, y: -74.912094, z: -45.447605}
  - {x: 49.09442, y: -76.09064, z: -45.84333}
  pointsDown:
  - {x: 86.26182, y: 1.854248, z: 74.770905}
  - {x: 77.568436, y: -5.201337, z: 63.208073}
  - {x: 64.82291, y: -15.433811, z: 46.413643}
  - {x: 52.336136, y: -26.183264, z: 28.936085}
  - {x: 44.418987, y: -34.789795, z: 15.323833}
  - {x: 43.36605, y: -40.53133, z: 7.12794}
  - {x: 46.496525, y: -44.830753, z: 1.8098631}
  - {x: 50.658195, y: -48.245544, z: -2.2163439}
  - {x: 52.698853, y: -51.33317, z: -6.536621}
  - {x: 51.039173, y: -53.965282, z: -11.357704}
  - {x: 47.6066, y: -55.936882, z: -15.905824}
  - {x: 44.508987, y: -57.69055, z: -20.296148}
  - {x: 43.85421, y: -59.668877, z: -24.643845}
  - {x: 47.413605, y: -62.038242, z: -29.227854}
  - {x: 53.659866, y: -64.546486, z: -33.904015}
  - {x: 59.752995, y: -67.008354, z: -38.15283}
  - {x: 62.85299, y: -69.23862, z: -41.45478}
  - {x: 61.39692, y: -71.30332, z: -43.53704}
  - {x: 57.168007, y: -73.26274, z: -44.72143}
  - {x: 52.345375, y: -74.92312, z: -45.38048}
  - {x: 49.108185, y: -76.09064, z: -45.88671}
  points2: []
  verticesBeginning:
  - {x: 86.26182, y: 1.854248, z: 74.770905}
  - {x: 60.080124, y: 9.4545, z: 78.740555}
  - {x: 33.89843, y: 17.054752, z: 82.710205}
  verticesEnding:
  - {x: 49.108185, y: -76.09064, z: -45.88671}
  - {x: 49.101303, y: -76.09064, z: -45.86502}
  - {x: 49.09442, y: -76.09064, z: -45.84333}
  normalsBeginning:
  - {x: 0.14038904, y: 0.79314965, z: -0.59262514}
  - {x: 0.14038904, y: 0.79314965, z: -0.59262514}
  - {x: 0.14038904, y: 0.79314965, z: -0.59262514}
  normalsEnding:
  - {x: -0.43106848, y: 0.89188695, z: -0.13681252}
  - {x: -0.43106848, y: 0.89188695, z: -0.13681252}
  - {x: -0.43106848, y: 0.89188695, z: -0.13681252}
  widths:
  - 55.1
  - 44.609104
  - 34.11821
  - 23.627314
  - 13.136418
  - 11.765893
  - 10.395369
  - 9.024843
  - 7.654318
  - 6.7407384
  - 5.827159
  - 4.9135795
  - 4
  - 3.431549
  - 2.8630981
  - 2.2946472
  - 1.7261962
  - 1.3060259
  - 0.88585556
  - 0.46568525
  - 0.045514952
  snaps:
  - 0
  - 0
  - 0
  - 0
  - 0
  - 0
  - 0
  - 0
  - 0
  - 0
  - 0
  - 0
  - 0
  - 0
  - 0
  - 0
  - 0
  - 0
  - 0
  - 0
  - 0
  lerpValues:
  - 0
  - 0.25
  - 0.5
  - 0.75
  - 1
  - 1.25
  - 1.5
  - 1.75
  - 2
  - 2.25
  - 2.5
  - 2.75
  - 3
  - 3.25
  - 3.5
  - 3.75
  - 4
  - 4.25
  - 4.5
  - 4.75
  - 5
  orientations:
  - {x: 0.11068295, y: 0.9402087, z: -0.30195108, w: -0.112172306}
  - {x: 0.0865655, y: 0.94082934, z: -0.29698682, w: -0.13836719}
  - {x: 0.06913767, y: 0.9429277, z: -0.29517925, w: -0.13775556}
  - {x: 0.05637026, y: 0.9459652, z: -0.2963128, w: -0.11904201}
  - {x: 0.06287568, y: 0.95002544, z: -0.30371025, w: -0.035475194}
  - {x: 0.12918696, y: 0.9279037, z: -0.2865044, w: 0.200551}
  - {x: 0.15957068, y: 0.88556725, z: -0.2211647, w: 0.37602395}
  - {x: 0.14527757, y: 0.89419615, z: -0.21780945, w: 0.36313462}
  - {x: 0.06105001, y: 0.95818245, z: -0.272761, w: 0.061326392}
  - {x: -0.0048600603, y: 0.95425177, z: -0.20733312, w: -0.21539019}
  - {x: -0.012497089, y: 0.9426849, z: -0.16483325, w: -0.28986058}
  - {x: -0.0046542985, y: 0.9647536, z: -0.18666203, w: -0.18543501}
  - {x: 0.06625747, y: 0.9567325, z: -0.21781892, w: 0.18118453}
  - {x: 0.08808723, y: 0.89075553, z: -0.12590988, w: 0.42771712}
  - {x: 0.081889555, y: 0.8687383, z: -0.09819698, w: 0.4784823}
  - {x: 0.08561544, y: 0.87720716, z: -0.11327137, w: 0.4586363}
  - {x: 0.06757468, y: 0.94707656, z: -0.26644555, w: 0.16579024}
  - {x: -0.11149087, y: 0.8272056, z: -0.21212384, w: -0.5082364}
  - {x: -0.095733695, y: 0.75350726, z: -0.13065934, w: -0.63717353}
  - {x: -0.09747908, y: 0.7355369, z: -0.11710824, w: -0.66012806}
  - {x: -0.13730241, y: 0.7848887, z: -0.18762882, w: -0.5743634}
  tangents:
  - {x: -0.27777296, y: -0.54296505, z: -0.79248416}
  - {x: -0.3117777, y: -0.5348741, z: -0.7853053}
  - {x: -0.30060312, y: -0.5376187, z: -0.7877842}
  - {x: -0.25862557, y: -0.54718345, z: -0.7960547}
  - {x: -0.10559647, y: -0.57260454, z: -0.8130027}
  - {x: 0.29815874, y: -0.5835146, z: -0.7553887}
  - {x: 0.59540606, y: -0.5117175, z: -0.6193842}
  - {x: 0.5861414, y: -0.49503937, z: -0.6413846}
  - {x: 0.08421958, y: -0.5301972, z: -0.8436812}
  - {x: -0.4090579, y: -0.39778873, z: -0.8212404}
  - {x: -0.54237473, y: -0.3180148, z: -0.77762216}
  - {x: -0.356061, y: -0.36188963, z: -0.86154306}
  - {x: 0.3178264, y: -0.4407957, z: -0.8394555}
  - {x: 0.7340266, y: -0.322512, z: -0.5976545}
  - {x: 0.80431646, y: -0.29525593, z: -0.5156539}
  - {x: 0.76700556, y: -0.34579659, z: -0.5404879}
  - {x: 0.2605423, y: -0.60627913, z: -0.751361}
  - {x: -0.7611705, y: -0.5269072, z: -0.37813792}
  - {x: -0.91888034, y: -0.3641009, z: -0.15195203}
  - {x: -0.9407425, y: -0.3238093, z: -0.10075316}
  - {x: -0.8500988, y: -0.4522584, z: -0.26980442}
  normalsList:
  - {x: -0.17960115, y: 0.83975536, z: -0.5124007}
  - {x: -0.19736718, y: 0.84493184, z: -0.49712825}
  - {x: -0.19166523, y: 0.8431881, z: -0.50229305}
  - {x: -0.16907226, y: 0.83701277, z: -0.52040786}
  - {x: -0.07375296, y: 0.81983167, z: -0.56783485}
  - {x: 0.21423396, y: 0.8121026, z: -0.5427643}
  - {x: 0.35462767, y: 0.85915375, z: -0.36890924}
  - {x: 0.33395433, y: 0.86887056, z: -0.3654292}
  - {x: 0.05266463, y: 0.84787434, z: -0.52757514}
  - {x: -0.17735443, y: 0.9174771, z: -0.35606357}
  - {x: -0.18192784, y: 0.9480858, z: -0.26083648}
  - {x: -0.13822344, y: 0.93222094, z: -0.33445236}
  - {x: 0.1560777, y: 0.8976075, z: -0.41223854}
  - {x: 0.25009617, y: 0.9465654, z: -0.20363173}
  - {x: 0.24856049, y: 0.9554182, z: -0.15935418}
  - {x: 0.2826657, y: 0.9383095, z: -0.1991868}
  - {x: 0.19863059, y: 0.79525197, z: -0.57281786}
  - {x: -0.47188544, y: 0.84992284, z: -0.2344255}
  - {x: -0.35922238, y: 0.9313595, z: -0.059403345}
  - {x: -0.321968, y: 0.94612235, z: -0.03448265}
  - {x: -0.43106842, y: 0.89188695, z: -0.13681252}
  colors:
  - {r: 0, g: 0, b: 0, a: 1}
  - {r: 0, g: 0, b: 0, a: 1}
  - {r: 0, g: 0, b: 0, a: 1}
  - {r: 0, g: 0, b: 0, a: 1}
  - {r: 0, g: 0, b: 0, a: 1}
  - {r: 0, g: 0, b: 0, a: 1}
  - {r: 0, g: 0, b: 0, a: 1}
  - {r: 0, g: 0, b: 0, a: 1}
  - {r: 0, g: 0, b: 0, a: 1}
  - {r: 0, g: 0, b: 0, a: 1}
  - {r: 0, g: 0, b: 0, a: 1}
  - {r: 0, g: 0, b: 0, a: 1}
  - {r: 0, g: 0, b: 0, a: 1}
  - {r: 0, g: 0, b: 0, a: 1}
  - {r: 0, g: 0, b: 0, a: 1}
  - {r: 0, g: 0, b: 0, a: 1}
  - {r: 0, g: 0, b: 0, a: 1}
  - {r: 0, g: 0, b: 0, a: 1}
  - {r: 0, g: 0, b: 0, a: 1}
  - {r: 0, g: 0, b: 0, a: 1}
  - {r: 0, g: 0, b: 0, a: 1}
  - {r: 0, g: 0, b: 0, a: 1}
  - {r: 0, g: 0, b: 0, a: 1}
  - {r: 0, g: 0, b: 0, a: 1}
  - {r: 0, g: 0, b: 0, a: 1}
  - {r: 0, g: 0, b: 0, a: 1}
  - {r: 0, g: 0, b: 0, a: 1}
  - {r: 0, g: 0, b: 0, a: 1}
  - {r: 0, g: 0, b: 0, a: 1}
  - {r: 0, g: 0, b: 0, a: 1}
  - {r: 0, g: 0, b: 0, a: 1}
  - {r: 0, g: 0, b: 0, a: 1}
  - {r: 0, g: 0, b: 0, a: 1}
  - {r: 0, g: 0, b: 0, a: 1}
  - {r: 0, g: 0, b: 0, a: 1}
  - {r: 0, g: 0, b: 0, a: 1}
  - {r: 0, g: 0, b: 0, a: 1}
  - {r: 0, g: 0, b: 0, a: 1}
  - {r: 0, g: 0, b: 0, a: 1}
  - {r: 0, g: 0, b: 0, a: 1}
  - {r: 0, g: 0, b: 0, a: 1}
  - {r: 0, g: 0, b: 0, a: 1}
  - {r: 0, g: 0, b: 0, a: 1}
  - {r: 0, g: 0, b: 0, a: 1}
  - {r: 0, g: 0, b: 0, a: 1}
  - {r: 0, g: 0, b: 0, a: 1}
  - {r: 0, g: 0, b: 0, a: 1}
  - {r: 0, g: 0, b: 0, a: 1}
  - {r: 0, g: 0, b: 0, a: 1}
  - {r: 0, g: 0, b: 0, a: 1}
  - {r: 0, g: 0, b: 0, a: 1}
  - {r: 0, g: 0, b: 0, a: 1}
  - {r: 0, g: 0, b: 0, a: 1}
  - {r: 0, g: 0, b: 0, a: 1}
  - {r: 0, g: 0, b: 0, a: 1}
  - {r: 0, g: 0, b: 0, a: 1}
  - {r: 0, g: 0, b: 0, a: 1}
  - {r: 0, g: 0, b: 0, a: 1}
  - {r: 0, g: 0, b: 0, a: 1}
  - {r: 0, g: 0, b: 0, a: 1}
  - {r: 0, g: 0, b: 0, a: 1}
  - {r: 0, g: 0, b: 0, a: 1}
  - {r: 0, g: 0, b: 0, a: 1}
  colorsFlowMap:
  - {x: 0.005, y: 0.07154133}
  - {x: -0, y: 0.09137007}
  - {x: -0.005, y: 0.07154133}
  - {x: 0.005, y: 0.06806264}
  - {x: -0, y: 0.0882779}
  - {x: -0.005, y: 0.06806264}
  - {x: 0.005, y: 0.06635986}
  - {x: -0, y: 0.08676432}
  - {x: -0.005, y: 0.06635986}
  - {x: 0.005, y: 0.0659405}
  - {x: -0, y: 0.08639155}
  - {x: -0.005, y: 0.0659405}
  - {x: 0.005, y: 0.06828696}
  - {x: -0, y: 0.0884773}
  - {x: -0.005, y: 0.06828696}
  - {x: 0.005, y: 0.06944832}
  - {x: -0, y: 0.08950962}
  - {x: -0.005, y: 0.06944832}
  - {x: 0.005, y: 0.05846949}
  - {x: -0, y: 0.07975066}
  - {x: -0.005, y: 0.05846949}
  - {x: 0.005, y: 0.05584594}
  - {x: -0, y: 0.07741861}
  - {x: -0.005, y: 0.05584594}
  - {x: 0.005, y: 0.060156547}
  - {x: -0, y: 0.081250265}
  - {x: -0.005, y: 0.060156547}
  - {x: 0.005, y: 0.044354793}
  - {x: -0, y: 0.06720426}
  - {x: -0.005, y: 0.044354793}
  - {x: 0.005, y: 0.037296776}
  - {x: -0, y: 0.06093047}
  - {x: -0.005, y: 0.037296776}
  - {x: 0.005, y: 0.040688965}
  - {x: -0, y: 0.06394575}
  - {x: -0.005, y: 0.040688965}
  - {x: 0.005, y: 0.048325803}
  - {x: -0, y: 0.07073405}
  - {x: -0.005, y: 0.048325803}
  - {x: 0.005, y: 0.035625692}
  - {x: -0, y: 0.05944506}
  - {x: -0.005, y: 0.035625692}
  - {x: 0.005, y: 0.032356843}
  - {x: -0, y: 0.056539416}
  - {x: -0.005, y: 0.032356843}
  - {x: 0.005, y: 0.034072183}
  - {x: -0, y: 0.058064163}
  - {x: -0.005, y: 0.034072183}
  - {x: 0.005, y: 0.0590018}
  - {x: -0, y: 0.08022382}
  - {x: -0.005, y: 0.0590018}
  - {x: 0.005, y: 0.05084204}
  - {x: -0, y: 0.0729707}
  - {x: -0.005, y: 0.05084204}
  - {x: 0.005, y: 0.03680656}
  - {x: -0, y: 0.06049472}
  - {x: -0.005, y: 0.03680656}
  - {x: 0.005, y: 0.035447434}
  - {x: -0, y: 0.059286606}
  - {x: -0.005, y: 0.035447434}
  - {x: 0.005, y: 0.049325436}
  - {x: -0, y: 0.07162261}
  - {x: -0.005, y: 0.049325436}
  minVal: 0.5
  maxVal: 0.5
  width: 4
  vertsInShape: 3
  traingleDensity: 0.25
  uvScale: 3
  oldMaterial: {fileID: 0}
  showVertexColors: 0
  showFlowMap: 0
  overrideFlowMap: 0
  drawOnMesh: 0
  drawOnMeshFlowMap: 0
  uvScaleOverride: 0
  debug: 0
  drawColor: {r: 0, g: 0, b: 0, a: 1}
  flowSpeed: 1
  flowDirection: 0
  flowFlat:
    serializedVersion: 2
    m_Curve:
    - serializedVersion: 3
      time: 0
      value: 0.025
      inSlope: 0
      outSlope: 0
      tangentMode: 0
      weightedMode: 0
      inWeight: 0
      outWeight: 0
    - serializedVersion: 3
      time: 0.5
      value: 0.05
      inSlope: 0
      outSlope: 0
      tangentMode: 0
      weightedMode: 0
      inWeight: 0
      outWeight: 0
    - serializedVersion: 3
      time: 1
      value: 0.025
      inSlope: 0
      outSlope: 0
      tangentMode: 0
      weightedMode: 0
      inWeight: 0
      outWeight: 0
    m_PreInfinity: 2
    m_PostInfinity: 2
    m_RotationOrder: 4
  flowWaterfall:
    serializedVersion: 2
    m_Curve:
    - serializedVersion: 3
      time: 0
      value: 0.25
      inSlope: 0
      outSlope: 0
      tangentMode: 0
      weightedMode: 0
      inWeight: 0
      outWeight: 0
    - serializedVersion: 3
      time: 1
      value: 0.25
      inSlope: 0
      outSlope: 0
      tangentMode: 0
      weightedMode: 0
      inWeight: 0
      outWeight: 0
    m_PreInfinity: 2
    m_PostInfinity: 2
    m_RotationOrder: 4
  opacity: 0.1
  drawSize: 4
  length: 39
  fulllength: 39.05461
  minMaxWidth: 1
  uvWidth: 1
  uvBeginning: 0
